2117 3875
194 258 225 291 ἱ

416 204 511 293 76
682 199 759 268 c.
816 194 1332 267 CORNELII
1391 152 1776 265 TAcr'Tr

396 395 683 455 ,manusb
730 372 801 438 &
842 370 1095 457 (pudet
1131 370 1353 455 dian)
1398 372 1882 445 Britannorum
1925 372 2066 456 ple-

417 490 681 574 rosque,
706 488 893 573 ⁵licet·
912 466 1346 550 *dominationi
1380 484 1628 549 alienae
1660 486 2069 568 sanguinem

419 603 871 677 commodent,
919 600 1166 665 diutius
1194 607 1412 663 tamen
1439 598 1648 663 hostes
1663 576 1900 683 {uam
1935 600 2066 663 ser-

418 739 575 795 vos,
618 714 751 779 fide
782 712 851 778 &
877 710 1114 778 affeEtu
1139 713 1349 777 teneri
1375 714 1657 796 putatis:
1703 722 1946 778 metus
1995 713 2066 779 &

418 838 631 897 terror
655 827 775 904 est,
792 824 1066 924 ¹infinna
1092 825 1352 891 vincula
1375 826 1695 891 caritatis:
1731 847 1920 911 quae
1943 828 2062 891 ubi

414 942 771 1013 removeris
791 984 811 1017 ,
859 940 974 1023 qui
1002 941 1234 1005 timere
1269 937 1602 1017 desierint,
1649 940 1856 1005 odifl‘e
1887 942 2060 1005 inci-

412 1058 618 1145 pient.
692 1052 933 1119 Omnia
966 1050 1275 1119 viEtoriae
1303 1052 1723 1119 incitamenta
1760 1074 2055 1139 pro-no-

408 1172 510 1240 bis
546 1170 737 1233 suxit:
800 1166 1023 1239 nullae
1065 1166 1394 1231 Romanos
1443 1166 1752 1250 conjuges
1799 1188 2049 1232 accen-

410 1287 611 1353 dunt:
634 1282 798 1346 nulli
813 1262 1114 1365 parentes
1131 1282 1356 1365 fugam
1377 1281 1835 1365 exprobraturi
1857 1284 2047 1347 suntz

406 1406 521 1463 aut
548 1396 727 1481 nulla
754 1394 1070 1479 plerifique
1104 1394 1352 1480 patria,
1400 1403 1514 1458 aut
1545 1394 1672 1459 alia
1695 1395 1810 1459 est.
1865 1378 2043 1461 Pau-
2091 1470 2093 1475 .

395 1528 521 1594 *cos
575 1528 849 1575 numero
880 1554 900 1587 ,
982 1509 1228 1574 circum
1271 1507 1559 1593 trepidos
1601 1509 1990 1591 ignorantia
2015 1554 2036 1585 ,

403 1624 658 1688 caelum
702 1622 946 1709 ipsum,
1007 1641 1084 1685 ac
1128 1619 1465 1701 mare‚-&
1513 1619 1740 1699 filvaS‚
1803 1624 2036 1706 ignota

403 1739 623 1831 omnia
650 1735 1290 1821 circumspefitanteS,
1327 1734 1572 1799 clausos
1595 1726 2032 1819 quodammo-

400 1855 485 1927 do
520 1872 595 1915 ac
626 1847 874 1916 vinGtos
908 1851 997 1915 dii
1031 1850 1218 1914 nobis
1253 1850 1678 1915 tradiderunt.
1743 1850 1852 1915 Ne
1899 1860 2034 1915 ter-

397 1975 541 2036 reat
566 1985 775 2031 vanus
810 1962 1140 2048 αἰρεᾶιιε,
1173 1961 1242 2028 &
1274 1963 1422 2056 auri,
1445 1965 1661 2047 fulgor
1686 1972 1892 2050 atque
1923 1985 2026 2028 ar-

400 2079 629 2163 genti,
684 2079 858 2158 quod
905 2095 1120 2160 neque
1159 2078 1324 2159 tegit
1353 2124 1373 2156 ,
1432 2097 1644 2160 neque
1687 2079 2023 2145 vulnerat.

394 2195 481 2260 In
514 2191 645 2274 ipsa
679 2187 961 2284 postium
995 2190 1136 2254 acie
1164 2190 1568 2258 inveniemus
1601 2192 1848 2260 nostras
1881 2212 2024 2258 ma-

398 2323 568 2386 nus:
624 2303 968 2386 agnoscent
1002 2304 1295 2370 Britanni
1338 2305 1512 2370 suam
1555 2307 1850 2374 causam:
1915 2327 2020 2371 re-

393 2418 835 2486 cordabuntur
869 2413 1041 2480 Galli
1097 2418 1378 2510 priorem
1413 2419 1779 2486 libertatern
1817 2443 1837 2486 ς
1905 2421 2022 2486 de-

389 2535 602 2599 serent
634 2531 783 2597 illos
812 2530 1012 2596 ceteri
1030 2528 1340 2596 Germani
1361 2579 1380 2608 ‚
1426 2541 1762 2618 tamquam
1799 2553 2015 2618 nuper

392 2644 596 2729 Ufipii
623 2644 1044 2728 reliquerunt.
1105 2643 1248 2708 Nec
1279 2645 1634 2728 quidquam
1668 2651 1842 2712 ultra
1873 2651 2014 2714 for.-

384 2759 690 2836 midinis:
740 2777 947 2824 vacua
978 2757 1233 2824 castella
1252 2804 1270 2834 ,
1299 2760 1523 2824 senum
1550 2761 1878 2852 coloniae,
1907 2763 2010 2826 in-

390 2885 494 2942 ter
529 2873 701 2942 male
724 2879 1022 2954 parentes
1058 2869 1129 2934 &
1157 2870 1388 2954 injuste
1417 2873 1808 2956 imperantes
1829 2922 1849 2953 ,
1895 2896 2006 2940 ae-

386 3009 503 3074 gra
535 2985 891 3067 municipia
924 2982 994 3048 ὅτ
1028 2983 1476 3051 discordantia.
1528 2987 1654 3052 Hic
1685 2991 1848 3066 dux,
1894 2991 2000 3054 hic

386 3102 711 3168 exercitus
736 3116 753 3162 ε
798 3097 889 3161 ibi
916 3097 1164 3163 tributa
1195 3097 1262 3164 &
1299 3101 1556 3164 metalla
1576 3148 1597 3179 ,
1645 3099 1716 3169 &
1745 3113 1994 3168 ceterae

383 3214 798 3280 servientium
830 3229 1119 3292 poenae,
1165 3231 1328 3294 quas
1369 3213 1438 3275 in
1471 3189 1812 3279 aeternum
1843 3236 1994 3299 pro-

382 3329 587 3402 ferre,
634 3334 749 3390 aut
784 3322 994 3388 statim
1028 3323 1286 3403 ulcisci,
1331 3325 1400 3390 in
1431 3327 1568 3392 hoc
1607 3347 1838 3415 campo
1875 3328 1984 3396 est.
