2117 3875
392 213 1294 293 ·AGchoLA‘
1485 222 1650 311 ‘Q

79 408 307 465 -caturos
356 415 745 484 praeponere
770 442 788 475 ,
852 414 1046 481 quam
1096 398 1436 477 damnare,
1495 416 1648 467 cum

98 512 415 599 peccaffent.
492 510 825 577 Frumenti
863 510 933 577 &
976 512 1366 577 tributorum
1400 512 1650 579 auftio-

96 647 209 691 nem
235 624 611 709 aequalitate
642 644 985 690 munerum
1028 624 1321 704 mollire,
1369 629 1650 691 circum-

98 737 233 817 cifis,
272 758 429 823 quae
460 740 529 802 in
556 740 892 822 quaestum
925 750 1180 822 reperta
1199 786 1216 813 ,
1249 740 1378 824 ipso
1411 742 1652 807 tributo

95 854 300 936 gravius
326 854 795 931 tolerabantur.
844 852 1145 936 Namque
1163 872 1280 937 per
1299 854 1651 919 ludibrium

93 962 321 1031 adlidere
350 964 577 1030 claufis
610 966 895 1043 horreis,
942 966 1013 1031 δι
1053 988 1269 1032 emere
1307 968 1478 1031 ultro
1519 970 1658 1032 fru-

91 1089 411 1156 menta,·ac
444 1083 732 1145 vendere
766 1078 975 1165 pretio
1016 1082 1432 1164 cogebantur.
1515 1080 1651 1147 De·

89 1194 253 1257 vortia
272 1193 581 1257 itinerum
612 1194 681 1257 δε
710 1194 1148 1278 longinquitas
1175 1197 1515 1277 regionum
1548 1194 1650 1259 in-

90 1306 445 1384 dicebantur,
491 1317 571 1371 ut
610 1307 905 1372 civitates
955 1327 993 1372 a
1026 1310 1334 1391 proximis
1367 1310 1654 1375 hiberius

88 1419 139 1481 in
173 1430 400 1483 remota
449 1418 523 1483 ἀ
568 1421 739 1485 avia*
760 1422 1121 1501 deferrent,
1179 1424 1419 1501 donec,
1483 1423 1657 1507 quod

90 1534 341 1598 omnibus
386 1532 461 1599 in*
498 1536 807 1618 promptu
846 1545 985 1601 erat
1002 1580 1023 1614 ‚
1067 1527 1291 1622 paucis
1334 1536 1660 1602 lucrosum

88 1643 255 1711 fieret.

323 1760 581 1822 Terrore
600 1796 623 1835 ,
668 1760 981 1822 clementia
1004 1775 1198 1839 parta
1224 1780 1376 1839 pax·

189 1867 346 1937 XX.
408 1871 601 1937 Haec
649 1872 859 1956 primo
906 1870 1118 1935 statim
1165 1879 1334 1937 an'no
1387 1868 1665 1956 compri-

92 1987 319 2065 mend0,
365 1987 695 2078 egregiam
731 1989 973 2052 famam
1008 1987 1152 2072 paci
1181 1985 1607 2052 circumdedit
1636 2003 1659 2064 ς

92 2117 227 2181 quae
269 2103 369 2167 vel
421 2097 675 2165 incuria
707 2143 749 2177 ,·
784 2098 888 2165 vel
944 2101 1290 2166 tolerantia
1335 2101 1666 2184 priorum,

89 2209 232 2276 haud
252 2216 461 2278 minus
495 2231 695 2297 quam
722 2215 964 2278 bellum
994 2215 1364 2279 timebatur.
1411 2209 1537 2277 Sed
1558 2211 1670 2276 ubi

91 2325 259 2390 aestas
298 2323 601 2403 ad'venit,
658 2325 983 2390 contradito
1028 2330 1322 2392 exercitu
1341 2372 1360 2404 ,
1427 2325 1670 2390 multus

92 2437 150 2501 in
168 2440 439 2523 agmine,
486 2427 756 2506 laudare
784 2441 1158 2504 modestiam
1183 2487 1200 2517 ,
1231 2437 1534 2522 disjectos
1557 2455 1672 2526 co-

95 2568 341 2619 ercere:
402 2555 553 2620 loca
600 2553 815 2618 castris
860 2553 989 2638 ipse
1033 2573 1262 2638 capere
1287 2599 1304 2630 ‚
1368 2547 1678 2618 aestuaria

98 2681 160 2728 ac
202 2661 376 2732 silvas
418 2665 553 2751 ipse
592 2645 1043 2751 praetenta&
1112 2667 1182 2733 δε
1221 2663 1382 2732 nihil
1417 2662 1677 2730 interim

98 2780 246 2861 apud
272 2773 481 2846 hostes
514 2782 808 2864 quietum
842 2783 1010 2865 pati,
1057 2799 1188 2866 quo
1210 2783 1426 2846 minus
1461 2757 1688 2842 subiti&

101 2883 441 2959 excursibus
484 2893 939 2977 popularetur:
984 2906 1181 2979 atque
1213 2893 1330 2960 ubi
1365 2869 1511 2955 satis
1554 2899 1689 2954 ter-

101 3017 302 3070 ruerat
332 3053 353 3086 ,
408 3007 730 3092 parcendo
776 3009 992 3073 rursus
1034 2997 1453 3072 inritamer'ita
1509 3000 1690 3086 pacis

109 3117 419 3186 ostentare.
510 3121 769 3204 Quibus
818 3119 1013 3186 rebus
1060 3121 1304 3186 multae
1355 3117 1652 3181 civitates
1671 3158 1692 3192 ,
1773 3129 1786 3140 ⁸

111 3247 269 3315 quae
300 3234 369 3312 in
406 3230 589 3316 illum
626 3233 799 3299 diem
834 3253 915 3300 ex
945 3253 1151 3318 aequo
1189 3239 1485 3316 egerant,
1533 3229 1701 3296 datis

120 3340 415 3411 obfidibus
429 3391 449 3425 ,
494 3347 659 3416 iram
685 3345 991 3432 posuere,
1037 3347 1108 3414 δι
1135 3341 1462 3434 praesidiis
1487 3340 1712 3409 castel·

204 3459 263 3520 C·
288 3461 429 3524 Tac.
474 3457 562 3528 T.
583 3455 708 3529 IV.
1187 3481 1202 3494 ⁸
1447 3457 1510 3528 Ε
1609 3525 1624 3532 -
