2117 3875
780 4 993 11 v.—-—.-.—
1040 4 1130 8 q-—
1147 4 1210 6 --—
1223 2 1350 7 —-.v„v-
1365 4 1370 6 .

63 11 210 29 ,ρῇ-

169 234 614 307 DIALons
661 236 784 304 DE
823 172 1393 307 o·RAT0k113vs
1506 240 1638 325 1⁶5

63 416 168 499 ipsa
201 413 557 497 plurimum
600 416 1002 499 eloquentiae
1031 410 1373 499 praestant.
1455 412 1639 479 'Nm

61 528 308 593 multum
335 527 608 593 interest
627 575 648 605 ,
669 538 980 593 utrumne
1004 531 1085 595 de
1109 531 1285 594 furto
1303 574 1325 606 ,
1370 537 1485 593 aut
1498 529 1637 607 for?

57 643 240 718 mula,
285 638 354 706 ἀ
379 639 730 707 interdicto
759 643 1102 707 dicendum
1126 644 1395 719 habeas,
1441 661 1523 706 an
1552 643 1635 705 dc

57 756 270 819 ambitu
291 756 754 833 comitiorum,
785 758 1081 841 expilatis
1104 754 1325 834 sociiS,
1372 754 1441 821 &
1478 755 1637 821 civi-

55 872 150 933 bus
173 868 518 933 trucidatis
533 890 560 931 2
603 888 774 952 quae
803 870 974 937 mala
993 868 1162 935 ficut
1188 890 1319 935 non
1340 869 1635 935 accidere

55 982 253 1047 melius
283 981 410 1059 est,
459 983 640 1067 isque
672 984 952 1067 optimus
973 985 1251 1051 civitatis
1278 983 1477 1049 status
1514 982 1635 1045 ha-

51 1096 270 1160 bendus
295 1095 386 1159 est
405 1143 428 1172 ,
481 1118 612 1180 quo
643 1099 804 1161 nihil
833 1098 964 1161 tale
991 1098 1277 1183 patimur
1296 1118 1318 1163 ι
1362 1097 1451 1160 ita
1483 1116 1634 1179 curn

56 1209 431 1286 acciderent,
481 1211 809 1293 ingentem
845 1211 1254 1295 eloquentiae
1296 1210 1636 1277 materiam

59 1320 601 1387 subministsabant.
682 1324 922 1389 Crescit
951 1324 1127 1389 enim
1154 1346 1303 1389 cum
1330 1325 1637 1409 amplitu-

58 1435 176 1497 dine
199 1455 422 1501 retum
453 1437 560 1503 vis
585 1438 864 1521 ingenii,
893 1460 1012 1505 nec
1037 1438 1369 1523 quisquam
1395 1440 1635 1501 claram

65 1546 118 1610 &
151 1548 460 1615 illustrem
505 1552 865 1619 orationem
911 1550 1169 1619 efficere
1208 1551 1411 1635 potest
1443 1597 1463 1629 ,
1519 1547 1639 1615 nifi

61 1663 152 1742 qui
187 1663 442 1728 causam
495 1684 716 1748 parem
761 1666 1032 1732 invenit.
1140 1665 1329 1741 Non,
1376 1665 1640 1747 opinor,

61 1774 534 1843 Demosthenem
574 1780 900 1844 orationes
935 1778 1249 1845 illu-strant
1261 1825 1283 1857 ‚
1329 1797 1493 1862 quas
1524 1776 1643 1841 ad-

64 1888 254 1956 versus
280 1898 546 1958 tutores
575 1892 724 1959 suos
755 1893 1155 1980 composuit:
1230 1911 1351 1958 nec
1382 1892 1643 1960 Cicero·-
1732 1947 1739 1952 .

59 2021 224 2080 nem,
259 2024 574 2088 magnum
609 2015 932 2074 oratorem
970 2008 1042 2075 Ρ.
1079 2008 1387 2084 Quintius
1420 2006 1645 2072 defen·-

66 2114 154 2178 sus
190 2127 294 2182 aut
329 2119 624 2186 Licinius
659 2122 932 2188 Archias
967 2122 1219 2187 faciunt
1246 2141 1267 2188 t
1332 2118 1645 2194 Catilina,

65 2225 124 2290 δι
163 2231 346 2310 Milo,
393 2233 469 2299 δε
521 2232 796 2313 VerreS,
839 2236 908 2302 &
943 2237 1307 2312 Antonius,
1344 2234 1511 2299 hanc
1546 2231 1647 2296 ini

65 2340 281 2408 famam
303 2346 902 2416 circumdederunt:
945 2371 1079 2416 non
1091 2396 1113 2428 ,
1150 2349 1307 2434 quia
1328 2347 1493 2412 tanti
1512 2344 1645 2412 fuit

67 2456 440 2537 reipublicae
469 2464 678 2528 malos
709 2465 882 2530 ferre
906 2465 1081 2532 clves
1097 2510 1118 2542 ,
1165 2471 1241 2528 ut
1270 2463 1533 2528 uberem
1562 2458 1647 2526 ad

69 2567 390 2640 dicendum
432 2577 766 2644 materiam
798 2585 1087 2644 oratores
1112 2577 1421 2642 haberent
1436 2595 1457 2638 ε
1501 2573 1603 2646 sed
1619 2613 1649 2652 ,

73 2688 134 2742 ut
164 2683 423 2754 subinde
458 2689 774 2756 admoneo
790 2736 811 2767 ‚
858 2690 1245 2774 quaestionis
1280 2687 1653 2756 memineri-
1762 2740 1769 2746 .

69 2812 232 2874 mus,
289 2800 717 2887 sciamusque,
756 2825 880 2868 nos
918 2807 998 2870 de
1023 2824 1102 2870 ea
1130 2784 1201 2867 re
1225 2803 1439 2887 loqui,
1486 2819 1659 2884 quae

71 2905 302 2976 facilius
330 2916 602 2984 turbidis
639 2917 712 2984 &
747 2918 1052 3003 inquietis
1096 2917 1495 3002 temporibus
1538 2933 1655 2976 ex·-

75 3016 236 3089 stitit.
323 3028 488 3105 Quis
539 3033 794 3114 ignorat
845 3033 1074 3098 utilius
1114 3049 1189 3094 ac
1238 3029 1475 3094 melius
1530 3023 1655 3092 esse

79 3131 194 3198 frui
215 3157 400 3219 pace,
447 3163 646 3227 quam
668 3146 836 3210 bello
855 3147 1075 3210 vexari
1096 3143 1133 3209 ’ἓ
1188 3143 1413 3208 Plures
1440 3150 1656 3204 tamen
1770 3190 1778 3200 .

83 3242 266 3315 bonos
300 3258 718 3338 proeliatores
747 3259 930 3335 ¹bella
956 3305 974 3335 ,
1036 3277 1233 3342 quam
1264 3275 1389 3340 pax
1416 3255 1655 3320 ferunt.

92 3351 308 3432 Similis
344 3371 749 3454 eloquentiae
783 3373 1089 3439 conditio·
1160 3369 1329 3436 Nam
1362 3389 1489 3453 quo
1530 3367 1663 3433 sae·

1292 3485 1346 3546 L
1393 3504 1433 3568 3

902 3713 992 3739 ‘fl'
