2117 3875
55 2 143 18 ’nr—v
152 4 171 6 --
234 2 257 10 η

175 204 607 276 mALons
649 206 768 271 DE
814 174 1388 271 oRAToiimvs
1504 226 1632 295 139

67 389 306 453 omnium
336 404 557 449 rerum
578 383 838 448 scientia
854 429 874 460 ,
913 384 1197 447 exundat
1222 380 1293 447 δε
1321 381 1635 448 exuberat

62 504 145 567 illa
181 498 568 565 admirabilis
619 498 994 583 eloquentia
1013 518 1034 561 ι
1098 510 1309 581 neque
1354 495 1635 561 oratoris

61 618 138 681 vis
169 614 230 679 &
265 613 579 690 facultas,
625 609 788 676 ficut
814 594 1183 677 ceterarurri
1217 630 1469 687 rernm,
1516 630 1633 674 an-

59 728 222 813 gustis
252 725 318 793 &
339 727 649 793 brevibus
679 725 970 791 terminis
993 725 1317 790 cluditur:
1344 725 1451 789 sed
1464 724 1521 789 is
1540 722 1633 790 est

58 850 272 919 orator,
316 841 435 924 qui
483 843 568 906 de
602 841 779 907 omni
813 840 1183 923 quaestione
1212 840 1517 925 pulchre,
1562 836 1637 905 δε

56 966 278 1034 ornate,
307 954 378 1019 ὅτ
405 956 492 1021 ad
517 955 1036 1039 persuadendum
1061 962 1215 1038 apte
1234 957 1482 1036 dicere,
1515 977 1636 1044 pro

55 1071 327 1154 dignitate
365 1087 596 1135 rerum
621 1116 644 1147 ,
710 1070 793 1133 ad
826 1068 1181 1135 utilitatem
1224 1079 1593 1157 temporum
1610 1118 1637 1153 ,

55 1206 178 1248 cum
207 1184 548 1267 voluptate
576 1182 976 1248 audientium
1005 1180 1214 1266 poffit.

162 1296 456 1363 XXXI.
519 1298 704 1363 Haec
743 1294 858 1361 fibi
885 1298 982 1363 illi
1014 1308 1265 1363 veteres
1301 1300 1641 1384 persuade-

56 1412 182 1474 bant
205 1388 252 1474 ε’
279 1415 363 1478 ad
403 1412 573 1480 haec
615 1409 954 1477 efficienda
985 1413 1431 1496 intelligebant
1470 1433 1639 1500 opus

65 1523 196 1603 effe,
239 1546 366 1591 non
407 1533 496 1592 ut
539 1527 874 1593 rhetorum
912 1526 1141 1591 scholis
1164 1528 1640 1610 declamarent,

63 1658 160 1701 nec
185 1647 254 1703 ut
271 1636 484 1721 fictis,
532 1658 656 1707 nec
684 1639 822 1705 ullo
843 1643 1038 1705 modo
1066 1644 1147 1706 ad
1177 1641 1517 1709 veritatem
1536 1662 1646 1709 ae-

67 1753 402 1820 cedentibus
423 1800 444 1832 ,
491 1752 941 1821 controverfiis
991 1754 1287 1837 linguam
1332 1758 1527 1821 modo
1568 1755 1641 1825 δε

65 1886 256 1931 vocem
281 1876 696 1946 exercerent,
742 1867 850 1935 sed
880 1875 960 1934 ut
987 1868 1093 1935 his
1129 1869 1379 1935 artibus
1409 1868 1644 1956 pestus

57 1981 405 2064 implerent,
449 1985 522 2049 in
555 1984 791 2068 quibus
837 1983 918 2047 de
952 1983 1141 2048 bonis
1186 2001 1265 2048 ac
1294 1985 1517 2064 malis,
1564 1987 1648 2054 de

67 2093 292 2160 honesto
322 2117 398 2162 ac
424 2099 646 2184 turpi,
693 2099 774 2162 de
799 2095 962 2182 justo
995 2096 1065 2162 &
1100 2097 1331 2179 injusto
1364 2099 1651 2184 disputa-

65 2215 170 2270 tur.
212 2210 388 2276 Haec
419 2212 596 2276 enim
625 2210 716 2276 est
742 2211 986 2275 oratori
1005 2207 1286 2294 subjesta
1315 2213 1397 2278 ad
1426 2213 1648 2280 dicen-

67 2322 202 2384 dum
225 2326 520 2393 materia.
563 2323 736 2391 Nam
767 2325 836 2389 in
857 2321 1121 2406 judiciis
1153 2325 1291 2390 fere
1322 2327 1403 2390 de
1428 2328 1653 2412 aequi-

68 2441 179 2499 tate
203 2483 222 2514 ,
261 2439 328 2503 in
365 2439 940 2506 deliberationibus
989 2439 1071 2502 de
1117 2438 1451 2505 honestate
1490 2441 1659 2506 dici·

73 2567 196 2613 mus
221 2597 244 2629 ‚
301 2553 398 2617 ita
441 2561 522 2619 ut
565 2553 945 2638 plerumque
981 2549 1145 2618 haec
1192 2553 1326 2638 ipsa
1370 2553 1654 2622 invicem

76 2663 426 2733 misceantur
456 2687 478 2731 ε
535 2668 617 2734 de
643 2668 878 2750 quibua
909 2667 1197 2750 copiose,
1234 2665 1306 2734 &
1334 2669 1509 2734 varie
1528 2715 1547 2747 ,
1581 2669 1652 2738 &
1718 2733 1725 2740 ,

77 2764 274 2845 ornate
299 2801 494 2848 nemo
522 2783 738 2848 dicere
769 2779 975 2867 potest
992 2778 1179 2859 ,.nis1
1209 2780 1325 2866 qui
1355 2783 1661 2865 cognovit

81 2899 341 2959 naturam
371 2896 764 2972 humanam,
809 2893 882 2962 &
919 2895 1054 2978 νίκη
1094 2896 1415 2962 virtutum
1441 2941 1462 2974 ,
1508 2914 1663 2981 pra·
1686 2949 1711 2964 x

80 3003 446 3094 vitatemque
471 3009 782 3076 vitiorum
801 3055 823 3088 ,
871 3008 941 3076 δι.
967 3006 1376 3076 intellet'tum
1404 3028 1661 3088 eorum,

85 3131 228 3196 quae
257 3142 376 3188 nec
414 3123 483 3186 in
530 3123 912 3198 virtutibus,
956 3142 1172 3206 neque
1205 3122 1274 3186 in
1320 3123 1497 3188 vitiis
1536 3143 1667 3190 nu-

90 3245 408 3301 merantur.
479 3237 579 3302 Ex
610 3237 714 3302 his
743 3235 1030 3301 fontibus
1060 3237 1260 3298 etiarn
1283 3234 1398 3301 illa
1422 3237 1667 3322 proflu-

89 3352 216 3428 unt,
258 3360 334 3416 ut
356 3350 610 3418 facilius
642 3350 806 3416 iram
835 3349 1077 3434 judicis
1107 3349 1211 3418 vel
1242 3349 1527 3438 instiget,
1566 3353 1669 3424 vel
