2117 3875
521 222 1272 291 AGRIcoLA
1607 239 1694 307 ω

88 396 296 461 libens
336 396 550 491 iatum
594 398 895 481 excepisti
920 445 940 476 ‚
998 398 1327 482 tamquam
1367 416 1484 481 pro
1527 398 1698 465 virili

95 510 399 594 portione
430 510 868 577 innocentiam
901 514 1181 597 Principi
1213 515 1505 576 donares.
1568 508 1694 577 Sed

96 624 257 687 mihi
294 622 601 709 filiaeque
620 671 640 703 ,
658 646 665 653 ·
682 634 933 709 praeter
970 626 1384 691 acerbitatem
1413 626 1690 708 parentis

94 737 333 821 erepti,
382 750 581 819 auget
616 738 1025 817 moestitiam,
1073 739 1243 822 quod
1273 737 1550 803 adlidere
1581 759 1692 801 va-

92 850 408 929 letudini,
453 853 686 917 'fovere
730 851 1168 927 deficientem,
1227 851 1438 916 satiari
1471 852 1690 927 vultu,

96 965 444 1045 complexu
465 984 494 1042 ,⁷
532 984 662 1029 non
690 961 981 1048 contigit.
1022 964 1490 1047 Excepifi'emus
1519 972 1692 1029 certe

96 1078 407 1142 m'andata
430 1078 743 1161 vocesque
762 1126 781 1156 ,
828 1100 986 1163 quas
1010 1081 1263 1161 penitus
1291 1080 1504 1140 animo
1532 1075 1695 1157 fige-

94 1207 339 1256 temuS.
435 1190 663 1255 Noster
700 1193 805 1255 hic
840 1194 1057 1268 dolor,
1102 1191 1381 1255 nostrum
1425 1190 1686 1255 vulnus:

98 1304 283 1369 nobis
330 1315 473 1367 tam
514 1305 741 1387 longae
782 1306 1098 1371 absentiae
1133 1304 1495 1367 conditione
1539 1312 1690 1367 ante

100 1418 597 1500 quadriennium
628 1417 884 1484 amifl'us
912 1439 1003 1482 es·
1052 1418 1288 1482 Omnia
1313 1414 1442 1481 fine
1471 1416 1688 1491 dubio,

98 1531 347 1613 optime
418 1540 760 1613 parentum
794 1577 812 1608 ,
884 1529 1202 1596 adfidente
1273 1526 1690 1593 amantissima

101 1663 339 1721 uxore,
384 1642 748 1726 superfuere
789 1646 1015 1708 honori
1060 1652 1174 1707 tuo
1209 1662 1227 1707 t
1289 1642 1691 1724 paucioribus
1747 1688 1752 1697 .

102 1765 315 1819 tamen
342 1756 629 1843 ‘lacrimis
668 1756 1055 1839 compositus
1096 1776 1168 1820 es
1181 1800 1200 1830 ,
1247 1752 1316 1817 ὅτ
1365 1750 1691 1817 noviffima

102 1869 167 1934 in
192 1866 803 1963 lucedefideravere
828 1870 1072 1954 aliquid
1101 1868 1268 1933 oculi
1287 1856 1417 1931 tui.

179 2048 277 2104 Ex
307 2047 537 2104 virtute
551 2045 781 2123 solatia
799 2080 820 2116 ‚
850 2044 1204 2122 virtutisque
1235 2040 1600 2104 documenta·

225 2204 513 2272 XLVI.
571 2203 637 2268 Si
674 2207 817 2288 quis
858 2205 1118 2290 piorum
1149 2207 1438 2270 manibus
1469 2207 1687 2282 locus;

102 2321 183 2399 fi,
226 2329 301 2384 ut
344 2319 731 2402 sapientibus
772 2319 1022 2402 placet,
1069 2339 1200 2382 non
1239 2339 1387 2382 cum
1425 2336 1691 2400 corpore

104 2435 591 2515 exstinguuntur
606 2451 873 2513 magnae
891 2430 1141 2496 animae
1161 2451 1179 2493 ε
1217 2429 1458 2512 placide
1475 2429 1685 2513 quies-

100 2569 237 2623 ωε,
282 2547 554 2627 nosque,
600 2545 858 2608 domurn
886 2553 1101 2619 tuam,
1139 2543 1217 2606 ab
1247 2541 1498 2606 infirmo
1529 2541 1686 2606 defi-

100 2662 308 2736 derio,
354 2657 425 2722 &
466 2657 879 2730 muliebribus
916 2655 1244 2729 lamentiS,
1291 2657 1370 2718 ad
1399 2663 1686 2718 contem-

98 2774 445 2858 plationem
472 2769 787 2832 virtutum
815 2777 1072 2832 tuarum
1099 2787 1290 2830 voces
1309 2813 1328 2843 ,
1375 2787 1532 2849 quas
1570 2787 1688 2830 ne-

101 2906 219 2969 que
246 2882 486 2964 lugeri,
535 2901 743 2962 neque
772 2881 985 2963 plangi
1016 2881 1111 2944 fas
1143 2878 1271 2958 est:
1317 2879 1688 2950 admiratio-

104 3020 180 3064 ne
218 3007 285 3058 te
315 2992 570 3077 potius,
616 2993 1070 3075 temporalibus
1107 2991 1435 3066 laudibuS,
1483 2989 1588 3065 &,
1633 2989 1682 3052 fi

103 3119 321 3177 natura
348 3105 732 3188 suppeditet,
766 3101 1160 3184 similitudine
1198 3102 1552 3198 decoremun
1613 3102 1700 3165 Is'

102 3243 286 3287 verus
312 3219 519 3282 honos
538 3264 555 3293 ‚
606 3236 679 3280 ea
706 3210 1191 3297 conjunftiffimi
1223 3195 1516 3296 cujusque
1547 3214 1687 3296 pie..

104 3342 218 3402 tas.
302 3333 383 3400 Id
410 3329 583 3398 filiae
608 3347 861 3420 quoque
890 3325 1203 3414 uxorique
1225 3328 1680 3414 praeceperim,
