2117 3875
395 201 1275 307 JGERMANIA
1618 265 1697 331 m

97 411 380 494 spatium
417 434 550 477 non
587 420 812 479 tenent
851 422 1107 481 tantum
1148 414 1431 495 Chauci,
1492 418 1597 485 sed
1636 418 1705 487 ἃ

95 524 374 608 implent
397 548 418 589 z
482 528 760 611 populus
801 529 970 593 inter
1005 528 1365 595 Germanos
1404 530 1708 597 nobiliffi-

93 660 238 704 mus
257 686 278 717 ,
329 641 581 727 quique
621 643 1129 725 magnitudinem
1168 643 1346 709 suam
1390 646 1567 709 malit
1600 646 1703 731 ju-

91 752 264 817 stitia
291 755 496 819 tueri.
557 752 712 827 Sine
733 756 1085 840 cupiditate
1099 802 1120 835 ,
1149 754 1280 823 fine
1300 760 1701 843 impotentia,

87 869 298 950 quieti
320 868 712 952 secretique,
745 868 926 933 nulla
951 880 1301 953 provocant
1326 872 1527 951 bella,
1559 874 1707 937 nul·

87 982 166 1045 lis
199 982 504 1067 raptibus
553 991 674 1047 aut
707 982 1060 1048 latrociniis
1098 985 1504 1068 populantur.
1594 988 1707 1052 Id·

89 1114 218 1178 que
249 1098 680 1180 praecipuum
709 1096 968 1161 virtutis
999 1116 1076 1160 ac
1103 1098 1337 1163 virium
1366 1118 1709 1182 arg-umen-

89 1218 234 1272 tum
271 1209 364 1275 est
383 1248 404 1288 ³
455 1211 628 1295 quod
646 1255 667 1288 ,
701 1218 776 1274 ut
801 1210 1159 1295 superiores
1184 1220 1412 1295 agant,
1440 1232 1573 1277 non
1588 1233 1706 1297 per

89 1324 368 1406 injurias
395 1324 854 1418 adsequuntur.
923 1324 1227 1409 Prompta
1250 1333 1469 1389 tamen
1496 1326 1706 1391 omni-

93 1438 220 1501 bus
241 1456 436 1500 arma
451 1482 471 1513 ,
519 1454 594 1500 ac
609 1484 630 1515 ,
663 1418 841 1501 fi⁸res
869 1438 1085 1521 poscat
1098 1484 1117 1515 ,
1150 1438 1510 1529 exercitus:
1555 1440 1706 1524 plu-

94 1550 341 1614 rimum
377 1551 670 1615 v1rorum
704 1568 1143 1647 equorumque
1164 1572 1185 1615 z
1230 1550 1299 1619 δι
1330 1551 1708 1636 quiescenti·-

12 1691 14 1697 “
95 1666 214 1728 bus
253 1667 487 1730 eadem
519 1662 714 1729 fama.

12 1920 19 1983 t
95 1930 102 1939 .

14 1988 23 2050 Ι

353 1779 628 1856 Cherusci
661 1773 732 1847 ό»
769 1778 932 1857 Fufi,
977 1801 1018 1839 a
1055 1782 1255 1841 Cattis
1286 1782 1451 1841 viai.
1744 1830 1751 1833 .

227 1883 626 1961 Xm'L
677 1890 758 1956 In
805 1890 1010 1956 latere
1043 1890 1450 1988 Chaucorum
1490 1891 1711 1959 Catto-

103 2023 430 2088 rumque,⁷
450 2003 753 2071 Cherusci
783 2004 1050 2069 nimiam
1082 2024 1157 2067 ac
1182 2015 1571 2072 marcentem
1598 2007 1708 2072 diu

97 2138 328 2200 pacem
355 2115 664 2182 illaeeffiti
689 2119 1085 2183 nutrierunt:
1120 2117 1707 2202 idquejucundius,

14 2255 16 2264 ‘
103 2251 306 2314 quam
345 2232 560 2296 tutius
596 2232 760 2322 fuit,
817 2231 968 2316 quia
1015 2229 1183 2296 inter
1210 2231 1595 2316 impotentes
1639 2233 1709 2298 δε
1830 2242 1845 2256 ·

105 2347 352 2410 valid’os
379 2344 536 2410 falso
569 2343 888 2428 quiescas:
927 2345 1039 2412 ubi
1066 2365 1265 2409 manu
1292 2347 1539 2428 agitur,
1570 2363 1711 2410 mo·

107 2457 302 2522 destia
335 2477 412 2521 ac
436 2459 720 2541 probitas
745 2460 1008 2522 nomina
1031 2458 1372 2542 superioris
1398 2459 1562 2524 sunt.
1608 2461 1713 2523 Ita

109 2573 224 2653 qui
269 2572 431 2635 olim
480 2571 690 2636 “boni
723 2572 1048 2655 aequique
1079 2571 1381 2638 Cherusci
1397 2575 1433 2600 ”
1457 2615 1477 2650 ,
1540 2592 1711 2638 nunc

109 2687 414 2749 “inertes
444 2703 522 2749 ac
557 2683 777 2751 stulti”
821 2692 1174 2749 vocantur:
1220 2685 1419 2750 Cattis
1450 2683 1717 2776 viEtori-

111 2798 226 2862 bus
261 2799 530 2862 fortuna
559 2799 626 2862 in
657 2795 1032 2883 sapientiam
1059 2794 1253 2862 ceffit.
1320 2794 1547 2862 Tracti
1582 2799 1717 2901 rui-

14 2946 16 2956 ι
72 2931 194 2972 -na
231 2911 703 2976 Cheruscorum
750 2912 820 2976 &
859 2903 1034 2987 Fufi,
1081 2913 1478 2976 contermina
1518 2929 1717 2993 gens,

14 3025 17 3028 ’
100 3023 520 3096 adversarum
569 3043 787 3090 rernm
829 3043 910 3089 ex
953 3007 1176 3108 aequo
1216 3022 1401 3102 socii,
1460 3043 1609 3088 cum
1654 3024 1721 3086 in

15 3355 28 3466 ξ

16 3471 19 3540 ε

117 3137 404 3201 secundis
429 3138 710 3201 minores
739 3135 1016 3202 fuiss‘ent.

74 3277 106 3317 ,·
231 3259 604 3317 Cimbrorum
635 3278 838 3339 parva
873 3260 1125 3330 civitas,
1169 3260 1363 3334 gloria
1398 3258 1617 3334 ingens.

241 3367 320 3432 'X
337 3367 402 3431 X
417 3367 486 3432 X
497 3365 560 3432 V
575 3369 608 3434 1
622 3368 680 3434 Ι.
743 3368 1069 3436 Eumdem
1104 3367 1489 3468 Germaniae
1537 3365 1728 3434 situm
