2117 3875
503 2 506 4 v
527 0 564 7 *—

493 174 1248 346 {QGRICOLA
1577 242 1660 308 ει

62 408 340 475 hostiurn
392 407 755 489 agminibus
789 451 811 483 ,
888 404 959 471 &
1007 406 1446 489 inaequalibus
1503 408 1664 474 loci’s

66 522 455 587 haerebant:
514 519 903 601 minimeque
947 517 1252 601 equestris
1296 538 1374 585 ea
1409 509 1664 603 pugnae

62 636 257 699 facies
296 641 440 706 erat
466 699 486 727 ‚
556 650 705 695 cum
744 650 931 713 aegre
976 632 1094 696 diu
1131 630 1374 705 stantes
1398 678 1418 709 ,
1480 629 1668 699 fimul

66 765 387 829 equorum
410 745 787 827 corporibus
814 744 1332 827 impellerentur,
1377 765 1454 809 ac
1470 745 1668 831 „saepe

66 859 209 941 vagi
248 876 513 933 curruS,
558 857 847 921 exterriti
896 854 1026 920 fine
1068 852 1426 923 rectoribus
1473 857 1668 939 equi,

72 982 141 1035 ut
186 990 515 1054 quemque
566 968 839 1035 formido
888 970 1128 1035 tulerat
1151 1015 1175 1048 ,
1243 968 1620 1038 transversos
1641 1014 1668 1049 ,

72 1094 180 1148 aut
202 1081 436 1147 obvios
462 1081 889 1147 incursabant.

189 1196 265 1261 X
279 1194 351 1259 X
368 1194 434 1259 X
449 1192 512 1261 V
526 1194 559 1259 Ι
574 1195 630 1260 Ι.
690 1194 777 1257 Et
808 1193 1128 1270 Britanni,
1173 1195 1290 1278 qui
1317 1197 1522 1289 adhuc
1544 1214 1672 1279 pu·-
1731 1160 1758 1191 ⁰

70 1329 231 1392 gnae
268 1317 569 1391 expertes
610 1306 852 1371 summa
878 1308 1138 1372 collium
1163 1281 1550 1384 insederant,
1599 1304 1672 1375 ὅτ

74 1422 475 1506 paucitatem
502 1417 863 1483 nostrorum
896 1421 1080 1485 vacui
1105 1420 1516 1504 spernebant,
1558 1408 1674 1489 de-

78 1535 259 1617 gredi
290 1531 623 1617 paullatim
639 1576 659 1607 ,
702 1529 775 1596 &
820 1532 1154 1597 circumire
1191 1541 1370 1615 terga
1411 1533 1674 1599 vincen-
1777 1526 1786 1539 ’

76 1648 241 1709 tium
274 1651 669 1728 coeperant:
714 1645 783 1707 ni
808 1644 1076 1729 idipsum
1104 1646 1344 1711 veritus
1374 1644 1678 1727 Agricola

80 1768 369 1845 quatuor
398 1758 691 1841 equitum
724 1754 859 1821 alas
874 1802 894 1833 ,
940 1759 1021 1821 ad
1053 1757 1257 1821 subita
1283 1757 1434 1821 belli
1466 1762 1682 1821 reten-

21 1953 23 1960 .
80 1883 177 1937 tas
197 1920 219 1950 ,
274 1871 683 1937 venientibus
716 1866 1132 1954 opposuiffet,
1177 1878 1547 1954 quantoque
1584 1868 1685 1933 fe-

85 1988 307 2050 rocius
332 1991 771 2058 accurrerant,
802 1991 987 2046 tanto
1015 1982 1228 2048 acrius
1251 1983 1460 2066 pulsos
1487 1983 1556 2046 in
1579 1984 1684 2048 fu·-

88 2119 235 2180 gam
268 2095 630 2178 disjeciffet.
676 2097 777 2160 Ita
800 2093 1126 2160 confilium
1142 2095 1592 2162 Britannorum
1616 2082 1688 2160 in
1808 2107 1816 2114 ·

88 2212 257 2294 ipsos
298 2209 588 2276 versum:
648 2205 1166 2291 transvettaeque
1201 2217 1538 2292 praecepto
1569 2205 1690 2272 du·-

96 2324 186 2385 cis
228 2341 271 2386 a
292 2305 521 2387 'fronte
562 2321 985 2404 pugnantium
1030 2323 1168 2386 alae
1184 2365 1204 2397 ,
1252 2321 1534 2385 aversam
1565 2321 1690 2383 ho-

94 2435 289 2500 stium
315 2435 525 2498 aciem
548 2432 851 2498 invasere.
933 2431 1112 2498 Tum
1142 2453 1293 2499 vero
1325 2432 1693 2517 patentibus

94 2549 259 2618 locis
278 2547 518 2629 grande
534 2544 605 2610 &
624 2554 805 2610 atrox
818 2543 1248 2628 spe&aculum
1265 2565 1284 2610 ε
1313 2546 1517 2628 sequi,
1547 2543 1695 2611 vul-

98 2676 332 2724 nerare
349 2703 369 2734 ,
414 2678 672 2742 capere,
716 2667 913 2740 atque
938 2658 1186 2723 eosdem
1206 2703 1226 2734 ,
1275 2659 1502 2724 oblatis
1531 2658 1698 2738 aliia,

102 2773 451 2838 trucidare.
510 2772 655 2861 ,Iam
683 2769 993 2846 hostium,
1036 2759 1228 2854 prout
1261 2771 1498 2854 cuique
1520 2771 1703 2852 inge-

100 2887 297 2949 nium
326 2889 467 2948 erat
485 2927 505 2958 ,
552 2891 845 2948 catervae
872 2892 1262 2974 armatorum
1295 2883 1702 2966 paucioribus

110 3005 293 3078 terga
314 2993 662 3079 praestare,
696 2995 957 3078 quidam
991 2995 1462 3060 inermes-ultro
1489 2977 1704 3069 ruere,

114 3128 191 3171 ac
224 3107 289 3171 se
318 3108 519 3172 morti
543 3105 795 3172 offer-re.
852 3087 1088 3172 ‘Pasfitn
1119 3125 1334 3184 arma,
1379 3105 1450 3172 ὅτ
1481 3113 1709 3190 corpoi

116 3239 245 3296 ra,·
272 3219 344 3284 δι
374 3219 575 3284 laceri
604 3228 817 3296 artus‘,
872 3219 942 3287 δε
983 3227 1256 3285 cruenta
1288 3220 1526 3290 humus
1556 3238 1576 3283 z
1639 3199 1712 3285 «Kc

122 3331 467 3416 aliquando
509 3332 705 3398 etiam
748 3329 937 3406 vittis
972 3332 1070 3398 ira
1109 3331 1440 3419 virtusque
1469 3352 1489 3398 ι
1549 3329 1720 3418 post-

221 3447 287 3508 C.
315 3449 462 3515 Tac.
507 3444 595 3512 T.
613 3441 738 3512 IV.
954 3509 959 3517 ,
1501 3443 1551 3513 F
1621 3419 1649 3438 ’ἢ
