2117 3875
255 734 259 741 ·
396 721 678 805 gebatur
711 728 932 784 autem
964 720 1180 797 aliqua
1210 718 1605 817 major‘natu
1633 718 2030 800 propinqua,

272 1684 281 1689 .
398 1624 513 1693 Sic
562 1629 931 1696 Corneliam
974 1628 1422 1695 Gracchorum
1458 1676 1479 1707 ,
1547 1625 1636 1692 fic
1681 1628 2032 1695 Aureliam

394 198 529 284 136
659 143 1306 264 mmmmm
1366 190 1751 263 TACITI

396 396 531 447 non
570 372 834 441 in'cella
860 386 1118 459 emptae
1149 375 1421 440 nutricis
1437 422 1460 455 ,
1507 375 1614 439 sed
1653 371 1904 459 gremio
1941 368 2027 438 ao

396 489 539 559 finu
564 490 792 557 matris
816 491 1254 567 educabatur,
1288 489 1480 571 cujus
1505 490 1857 574 praecipua
1875 488 2026 553 laus
2100 560 2103 579 ..

396 614 571 685 erat,
614 597 793 671 tuffi
807 606 1120 680 domum,
1153 604 1226 668 δε
1255 604 1558 669 inservire
1587 603 1835 668 uberis.
1883 602 2030 666 Eli-

398 833 590 917 eujus
654 834 941 917 probatis
1002 830 1418 916 speRatisque
1464 830 1749 895 moribus
1807 830 2030 895 omnis

397 946 680 1030 ejusdem
710 947 995 1011 familiae
1020 945 1270 1011 soboles
1302 944 1862 1022 committeretur,
1915 965 2033 1007 co-

396 1066 543 1125 'ram
591 1072 720 1144 qua
755 1080 966 1144 neque
1013 1061 1227 1125 dicere
1266 1062 1366 1123 fas
1395 1066 1569 1137 erat,
1613 1059 1788 1143 quod
1823 1066 2033 1142 turpe
2096 1035 2106 1125 ἱ.

396 1171 584 1239 dictu
600 1219 621 1251 ,
668 1194 879 1257 neque
900 1176 1118 1241 facere
1136 1221 1156 1252 ,
1201 1175 1371 1258 quod
1398 1172 1800 1237 inhonestum
1833 1170 2031 1237 fafitu
2095 1126 2108 1263 ⁴

395 1287 781 1357 videretur„
856 1290 959 1353 Ac
995 1308 1128 1353 non
1172 1286 1378 1379 studia
1419 1288 1615 1353 modo
1667 1286 1988 1371 curasque
2009 1334 2032 1365 ‚

322 1478 329 1483 ‚
396 1398 506 1467 sed
564 1378 956 1487 remiffioues
1016 1403 1216 1466 etiam
1263 1402 1562 1484 lususq'ue
1612 1419 1978 1484 puerorum
2007 1448 2030 1479 ,

396 1513 737 1581 sanctitate
760 1519 1037 1599 quadam
1069 1536 1146 1579 ac
1173 1514 1565 1583 verecundia
1590 1518 2038 1602 temperabat-¹

2100 906 2108 957 ff

404 1734 688 1836 Caesaris
703 1791 723 1822 ,
754 1743 839 1808 fic
865 1744 1090 1809 Atiam
1114 1743 1388 1826 Augusti
1413 1748 1686 1808 matrem
1710 1744 2032 1827 praefuis-

396 1856 469 1923 se
501 1859 1027 1936 educationibus,
1076 1876 1153 1921 ac
1187 1855 1550 1943 produxisse
1580 1857 1907 1942 princIPes
1943 1859 2033 1923 li-

401 1971 595 2038 beros
615 1973 1025 2056 accepimus:
1062 1992 1228 2055 quae
1255 1971 1584 2056 disciplina
1611 1990 1688 2035 ac
1717 1972 2027 2044 severitas
2105 2036 2112 2061 ,

405 2105 487 2149 eo
517 2085 911 2169 pertinebat,
958 2094 1039 2150 ut
1054 2083 1330 2163 fincera,
1361 2085 1432 2150 δε
1449 2087 1734 2169 integra,
1775 2085 1844 2152 &
1871 2090 2029 2152 nul-

400 2197 487 2264 lis
518 2198 945 2281 pravitatibus
978 2201 1233 2265 detorta
1251 2246 1272 2277 ,
1303 2199 1801 2284 uniuscujusque
1829 2211 2030 2292 natu-

402 2330 481 2376 ra
501 2320 640 2376 toto
660 2311 871 2376 statim
893 2310 1155 2396 pectore
1179 2299 1492 2398 arriperet
1508 2321 1679 2378 artes
1695 2314 2024 2392 honestaS,

404 2424 479 2490 δι
503 2423 635 2490 five
666 2427 749 2490 ad
773 2445 911 2491 rom
939 2427 1286 2492 militarem
1303 2473 1324 2505 ,
1361 2427 1490 2493 five
1519 2429 1598 2491 ad
1625 2427 1786 2509 jurIs
1817 2428 2029 2493 scien-

400 2539 599 2618 tiam,
644 2536 773 2606 five
817 2541 900 2630 ad
948 2541 1358 2628 eloquentiae
1401 2540 1680 2606 studium
1722 2541 2026 2606 inclinas-
2109 2583 2113 2634 ,Ι

402 2651 534 2730 set,
578 2653 648 2720 id
676 2653 876 2718 solum
906 2665 1162 2738 ageret3
1213 2655 1282 2719 id
1309 2644 1679 2720 uuiversum
1702 2655 2022 2721 hauriret.
2110 2635 2113 2682 ³

534 2766 681 2832 XX
699 2767 838 2832 IX.
900 2768 995 2832 At
1018 2787 1194 2842 nunc
1223 2777 1412 2832 natus
1440 2767 1652 2832 infans
1683 2770 2024 2854 delegatur
2111 2789 2113 2836 ἓ

403 2879 763 2978 Graeculae
782 2882 983 2947 alicui
999 2877 1272 2946 ancillae
1288 2928 1306 2957 ,
1334 2881 1440 2946 cui
1456 2880 1826 2964 adjungitur
1850 2903 2022 2947 unus
2107 2843 2114 2998 ¹

403 2997 727 3060 aut'alteir
765 3017 846 3060 ex
882 2995 1186 3060 omnibus
1219 2995 1416 3059 servis
1429 3041 1450 3072 ,
1495 2994 1878 3079 plerumque
1924 2999 2022 3063 vi·
2110 2999 2113 3086 j

398 3105 671 3174 nffimus
687 3155 706 3185 ‚
738 3111 873 3172 ‘nec
896 3109 1199 3190 cuiquam
1220 3109 1378 3172 serio
1395 3107 1742 3173 ministerio
1761 3129 2019 3174 accom-
2109 3117 2114 3168 1

278 3260 296 3268 -
402 3223 733 3286 modatus.
797 3222 1055 3286 Horum
1084 3221 1322 3286 fabulis
1356 3220 1424 3285 δε
1457 3222 1782 3286 erroribus
1809 3225 2018 3288 teneri

300 3417 305 3424 ί
406 3329 616 3396 statim
642 3333 712 3400 δε
739 3337 935 3400 rudes
968 3335 1170 3400 animi
1201 3335 1601 3403 imbuuntur.
1674 3335 1816 3402 Nec
1846 3339 2017 3423 quis-
