2117 3875
505 220 1409 295 GERMANIA‘
1610 234 1701 295 512

104 400 348 486 quidem
377 400 588 465 etinm
616 400 724 463 hic
755 408 984 465 notum
1002 448 1023 479 ,
1069 402 1290 467 avium
1317 422 1535 480 voces,
1580 420 1703 467 voa

106 514 372 597 latusque
391 514 818 595 interrogare.
868 504 1209 599 Proprium
1231 517 1461 597 gentis,
1494 500 1705 599 equ'oi

112 649 234 692 rum
269 647 546 711 quoque
577 628 900 710 praesagia
943 648 1020 690 ac
1059 628 1351 693 monitus
1386 630 1693 713 experiri:

111 742 340 827 publice
381 742 654 805 aluntur
693 738 916 804 iisdem
965 742 1335 806 nemoribus
1376 762 1451 803 ac
1496 740 1703 820 luciss·

114 855 395 929 candidi,
472 851 546 917 &
581 850 766 932 ‚tullo
826 854 1088 919 mortali
1137 873 1329 939 opere
1383 853 1709 935 contactu

111 986 262 1051 quos
307 966 552 1051 prefl'os
591 966 766 1030 sacro
809 984 1010 1038 curru
1053 968 1343 1032 sacerdos
1370 1009 1390 1045 ,
1446 988 1523 1032 ac
1566 988 1703 1045 rex,

110 1082 204 1146 vel
215 1082 527 1165 princeps
556 1081 872 1156 civitatis,
921 1080 1308 1145 comitantur
1327 1128 1346 1157 ‚
1390 1080 1711 1147 hinnitus-

111 1216 226 1279 que
245 1214 320 1258 ac
343 1195 643 1259 fremitus
675 1193 1032 1259 observant.
1122 1192 1262 1259 Nec
1296 1196 1409 1259 ulli
1429 1196 1707 1279 auspicio

111 1309 308 1391 major
351 1307 552 1383 fideS,
597 1328 732 1371 non
769 1306 978 1373 solum
1024 1310 1198 1391 apud
1238 1309 1491 1392 plebem
1514 1354 1533 1386 ‚
1598 1307 1709 1373 sed

113 1423 274 1503 apud
311 1439 644 1505 procera,
711 1422 884 1507 apud
926 1423 1308 1486 sacerdotes.
1396 1419 1479 1485 Se
1530 1421 1704 1487 enim

113 1534 424 1599 ministros
453 1537 767 1609 deorum,
811 1536 958 1599 illos
988 1534 1267 1598 conscios
1297 1542 1551 1620 putant.
1599 1532 1709 1597 Est

117 1648 183 1713 δε
213 1648 334 1712 alia
367 1648 724 1713 observatio
760 1647 1215 1731 auspiciorum,
1261 1667 1388 1729 qua
1414 1646 1713 1728 gravium

117 1764 422 1829 bellorum
470 1748 740 1826 eventus
769 1762 1145 1843 explorant.
1256 1758 1415 1841 Ejus
1464 1759 1671 1841 gentis
1694 1786 1727 1835 ,-

127 1896 268 1940 cum
297 1895 428 1961 qua
453 1875 704 1940 bellum
739 1872 851 1952 est,
875 1873 1226 1956 captivum,
1246 1891 1505 1956 quoquo
1524 1872 1729 1935 modo·

123 1967 568 2073 interceptum,
598 2009 746 2053 cum
774 1985 978 2052 elesto
999 1988 1408 2071 popularium
1425 1987 1716 2062 suorum,

123 2103 336 2189 patriis
366 2121 690 2186 quemque
706 2102 926 2178 armis,
947 2101 1395 2165 committunt:
1444 2095 1717 2164 vickoria

123 2214 350 2297 hujuS‚
397 2217 502 2280 vel
533 2215 741 2293 illius,
805 2235 920 2296 pro
961 2212 1351 2298 praejudicio
1380 2211 1731 2296 accipitur-¹

308 2332 778 2408 Consultationes
802 2329 1074 2406 publicae
1106 2324 1181 2393 ό·
1218 2343 1543 2386 conventus.

245 2439 392 2505 XI.
438 2441 540 2505 De
585 2440 936 2506 minoribus
975 2440 1169 2504 rebus
1212 2437 1531 2522 principes
1565 2451 1720 2497 con-

130 2555 398 2631 sultant3
449 2555 527 2618 de
555 2553 904 2638 majoribus
935 2571 1202 2618 omnes:
1250 2551 1342 2614 ita
1372 2558 1607 2624 tamen,
1646 2545 1746 2611 ut*

129 2688 214 2732 ea·
233 2686 526 2751 quoque,
572 2685 848 2748 quorum
879 2686 1076 2750 penes
1103 2664 1353 2750 plebem
1380 2661 1718 2726 arbitrium

131 2781 249 2856 est,
295 2781 469 2864 apud
509 2778 828 2863 principes
863 2775 1354 2863 pertractentur.
1434 2776 1721 2846 Coeunt,

130 2891 238 2956 nisi
267 2894 422 2976 quid
457 2891 882 2958 fortuitum&
905 2893 1185 2956 subitum
1218 2891 1535 2964 inciderit,
1586 2905 1727 2949 cer·-

129 3006 208 3068 tis
235 3007 497 3083 dieBuS,
544 3025 698 3070 cum
729 3016 840 3069 aut
870 3007 1205 3070 inchoatur
1223 3006 1410 3078 luna,
1458 3019 1495 3062 a
1599 2998 1725 3060 im·-

52 3143 64 3156 ·
129 3120 364 3203 pletur,
447 3117 622 3181 Nam
657 3121 916 3201 agendis
951 3121 1141 3182 rebus
1172 3119 1295 3181 hoc
1326 3107 1728 3196 auspicatxffi-

134 3249 306 3297 mum
335 3233 596 3313 initium
635 3235 931 3296 credunt.
1019 3229 1162 3296 Nec
1202 3230 1449 3324 dierum
1498 3245 1727 3288 nume-

137 3363 314 3423 rum,
355 3356 430 3410 ut
469 3365 623 3426 nos,
670 3346 774 3411 sed
809 3343 1101 3410 noffium
1134 3329 1533 3427 computant.
1624 3332 1757 3406 Sic.
