2117 3875
679 2 726 8 -,.
761 2 772 4 -
811 2 938 7 --,-.-,--
981 0 1361 10 ww*
1400 2 1449 7 Ἶ-

432 244 1192 318 AGRICOLA
1519 252 1611 344 Q

46 432 151 487 tum
176 420 363 488 saevis
389 424 880 507 tempestatibus
907 426 1304 502 exercitum,
1347 413 1612 491 laceffess

46 558 99 601 re
132 556 243 599 non
290 533 419 599 aufi
458 556 478 600 ε
547 538 985 625 ponendisque
1034 540 1294 621 insuper
1339 540 1614 605 castellis

46 651 261 733 spatium
290 652 439 715 fuit4
530 651 953 716 Adnotabant
979 654 1204 735 periti,
1254 672 1382 715 non
1415 654 1612 717 alium

46 765 225 826 ducem
246 768 776 847 opportunitates
808 766 1098 831 locorum
1139 766 1488 849 sapientius
1521 767 1616 831 le-

46 874 187 958 gifl‘e:
228 878 487 941 nullum
521 880 605 943 ab
632 878 933 961 Agricola
966 878 1242 963 pofitum
1279 878 1616 944 castellum

46 998 127 1050 aut
162 989 217 1053 vi
261 990 547 1055 hostium
598 1002 1079 1076 expugnatum,
1141 1002 1252 1055 aut
1317 990 1616 1075 pastione

46 1119 95 1162 ac
142 1105 281 1183 fuga
342 1106 697 1171 desertum.
826 1106 1100 1171 Crebrae
1177 1106 1548 1189 eruptiones
1587 1124 1614 1171 z

46 1233 155 1277 nam
196 1220 494 1283 adversus
544 1240 757 1283 moras
812 1217 1154 1283 obsidionis
1211 1220 1440 1283 annuis
1503 1240 1618 1283 co-

46 1329 137 1409 piis
179 1326 627 1398 firmabantur.
724 1334 827 1397 Ita
870 1333 1188 1419 intrepida
1230 1334 1318 1397 ibi
1361 1334 1614 1411 hiems,

46 1438 97 1502 &
158 1438 258 1507 fibi
332 1446 615 1529 quisque
686 1440 993 1529 praefidio
1030 1494 1050 1524 ,
1127 1446 1337 1509 inritis
1419 1445 1618 1510 hosti-

46 1553 139 1616 bus
166 1600 185 1631 ‚
237 1578 445 1641 eoque
504 1560 980 1644 desperantibus
1002 1606 1020 1635 ,
1083 1561 1233 1643 quia
1273 1560 1434 1623 soliti
1481 1560 1621 1641 ple-

46 1684 274 1750 rumque
330 1675 578 1737 damna
638 1673 891 1739 aestatis
938 1673 1226 1737 hibernis
1281 1675 1618 1736 eventibus

46 1780 300 1867 pensare,
345 1794 493 1849 tum
524 1786 761 1851 aestate
792 1796 991 1869 atque
1016 1787 1234 1849 hieme
1269 1784 1450 1867 juxta
1487 1786 1624 1883 pel-

46 1872 317 1962 lebantur.
400 1898 551 1966 Nec
596 1900 903 1983 Agricola
938 1918 1250 1982 umquam
1301 1918 1416 1981 per
1459 1898 1622 1962 alios

49 2007 187 2085 gesta
230 2013 459 2078 avidus
504 2013 897 2098 intercepitz
964 2014 1074 2079 seu
1119 2014 1414 2106 centurio
1437 2059 1456 2086 ,
1513 2011 1622 2076 seu

51 2121 368 2199 praeiestus
382 2173 403 2203 ,
437 2130 885 2212 incorruptum
904 2125 1059 2191 faeti
1079 2125 1300 2191 testem
1322 2127 1623 2208 habebat.
1645 2129 1652 2134 “

51 2231 213 2314 Apud
255 2242 567 2321 quosdam
608 2243 897 2306 acerbior
936 2243 1006 2304 in
1046 2240 1355 2304 conviciis
1399 2257 1625 2302 narra-

56 2343 245 2412 batur:
289 2351 535 2418 ut'erat
557 2355 743 2420 bonis
773 2356 975 2428 comis
996 2402 1013 2430 ‚
1051 2356 1144 2419 ita
1161 2353 1462 2416 adversus
1485 2369 1625 2414 ma·-

54 2456 552 2542 losinjucundus:
585 2477 873 2534 ceterum
900 2491 981 2537 ex
998 2469 1326 2536 iracundia
1343 2467 1500 2532 nihil
1519 2465 1632 2529 su-

58 2586 306 2650 pererat:
338 2580 650 2646 secretum
677 2581 746 2646 &
764 2581 1088 2646 'filentium
1119 2583 1256 2663 ejus
1277 2601 1404 2644 non
1433 2580 1629 2644 time-

62 2698 146 2745 res
161 2706 177 2747 z
193 2687 513 2759 honestius
536 2697 801 2778 putabat
820 2693 1166 2772 offendere,
1189 2715 1388 2778 quam
1406 2691 1626 2758 odisse.

228 2805 381 2866 Bello
415 2780 713 2888 adquisito
738 2808 1053 2888 praesidiis
1076 2811 1425 2884 firmantur.

170 2909 464 2984 XXIII.
515 2920 764 3012 Quarta
794 2919 995 2986 aestas
1028 2921 1426 2995 obtinendiS,
1460 2937 1630 3000 quae

66 3035 461 3109 percurrerat,
508 3034 863 3118 insumpta:
914 3055 987 3098 ac
1032 3033 1081 3098 fi
1129 3035 1339 3098 virtus
1386 3030 1634 3095 exerci-

74 3139 227 3200 tuum
262 3141 325 3207 &
368 3145 638 3234 Rotnani
677 3147 965 3236 ¹nominis
1016 3147 1220 3230 gloria
1270 3153 1633 3230 pateretur,
1675 3198 1683 3209 ,

74 3242 336 3320 inventus
374 3261 441 3323 in
489 3260 614 3341 ipsa
654 3262 987 3326 Britannia
1032 3261 1374 3326 terminus.
1465 3259 1638 3324 Nam

84 3356 237 3428 Clota
262 3368 331 3436 ὅτ.
353 3374 657 3440 Bodotria
674 3421 705 3458 „
740 3369 969 3440 diverfi
996 3375 1193 3458 maris
1223 3373 1496 3438 aestibus
1524 3391 1640 3456 per

1287 3488 1346 3554 E
1390 3505 1433 3554 α
