2117 3875
509 205 1359 277 AGchoLA·
1610 230 1697 306 ῃ

123 380 328 454 deerat,
373 398 501 443 nec
556 380 944 453 Domitiano
985 387 1375 469 exemplum.
1463 386 1693 450 Acces-

111 487 222 554 sere
247 492 556 573 quidam,
611 497 1076 579 cogitationum
1110 498 1424 580 Prineipis
1464 500 1691 581 periti,

109 605 228 685 qui,
267 606 562 671 “iturus
611 631 696 673 ne
721 610 872 673 effet
904 611 968 674 in
993 612 1437 693 provinciam'’
1459 656 1477 687 ,
1524 612 1691 683 ultro

97 718 442 797 Agricolam
475 723 1000 804 interrogarent:
1035 724 1122 787 ‘ac
1152 726 1359 806 primo
1375 711 1691 787 occultius

98 829 144 865 “⁴
144 831 418 912 quietem
437 834 519 905 8,(
545 836 1143 912 οῑίιιω”“13,ιιόειτε,
1188 858 1339 901 mox
1368 844 1411 873 ‘⁶
1432 854 1691 919 operam

87 943 231 1006 suam
289 946 366 1009 in
418 950 866 1033 adprobanda·
903 950 1303 1015 excusatione
1330 952 1365 977 ’'
1414 948 1685 1015 offerre:

75 1055 384 1143 ,postremo
441 1082 596 1125 non
633 1062 760 1145 jam
809 1060 1091 1139 obscuri,
1136 1064 1461 1129 suadentes
1501 1059 1689 1128 simul

79 1174 527 1257 terrentesque
552 1222 574 1251 ,
630 1184 992 1258 pertraxere
1059 1178 1141 1239 ad
1209 1176 1683 1241 Domitianum:

76 1285 172 1363 qui
240 1276 540 1369 paratus
608 1286 1006 1384 fimulatione
1037 1334 1055 1365 ,
1128 1290 1199 1355 in
1254 1290 1687 1373 ‘arrogantiam

77 1396 480 1481 compositus
504 1448 523 1477 ,
569 1399 639 1465 ὅτ
679 1402 882 1465 audiit
907 1422 1129 1485 preces
1162 1404 1546 1480 excusantis,
1592 1402 1683 1478 ὅτ,

81 1528 220 1571 cum
265 1514 642 1589 adnuifl'et,
708 1516 808 1594 agi
858 1512 969 1577 fibi
1017 1491 1253 1598 gratias
1294 1516 1496 1599 pass'us
1548 1515 1683 1579 est:

85 1640 190 1685 nec
226 1627 515 1691 erubuit
552 1624 846 1691 beneficii
883 1628 1149 1694 invidia.
1238 1627 1553 1692 Salarium
1589 1637 1689 1691 ta-

87 1754 260 1815 men,
329 1734 776 1823 proconsulari
820 1741 1076 1804 solitum
1121 1738 1380 1815 offerri,
1438 1737 1505 1805 &
1546 1740 1690 1821 qui-

85 1847 346 1916 busdam
390 1874 432 1916 a
471 1830 664 1935 seipso
711 1852 1075 1917 concessum
1106 1896 1125 1927 ‚
1188 1851 1527 1935 Agricolae
1563 1871 1691 1914 non
1744 1918 1753 1934 „

90 1964 296 2030 dedit:
359 1966 495 2032 five
545 1965 854 2043 offensae,
901 1949 1040 2054 non..
1078 1966 1385 2049 petitum,
1416 1963 1560 2030 -srve
1607 1987 1689 2031 ex

97 2079 522 2156 conscientia,
581 2100 694 2156 ne,
739 2083 922 2162 'quod
965 2089 1257 2145 vetuerat
1285 2126 1303 2156 ,
1366 2080 1690 2144 videretur
1728 2141 1732 2146 .

94 2191 332 2261 emisse.
427 2193 760 2275 Proprium
793 2193 1069 2256 humani·
1090 2193 1329 2274 ingenii
1359 2191 1485 2269 est,
1526 2191 1690 2258 odis-

100 2299 194 2379 se,
237 2323 434 2389 quern
478 2305 756 2372 laeseris.
869 2306 1225 2370 Domitiani
1270 2325 1419 2370 vero
1464 2311 1692 2367 natura

95 2431 398 2503 praeceps
432 2418 502 2480 in
522 2419 727 2504 liram,
777 2417 999 2500 &quo
1025 2419 1378 2493 obscurior,
1428 2438 1505 2481 eo
1532 2416 1691 2482 irre-

103 2533 482 2608 vocabilior,
515 2532 950 2596 moderatione
984 2540 1203 2594 tamen
1226 2530 1693 2613 prudentiaque

97 2641 438 2725 Agricolae
468 2643 860 2712 leniebatur:
911 2646 1062 2726 quia
1092 2664 1221 2706 non
1253 2642 1688 2718 contumacia,

101 2773 304 2841 neque
336 2756 516 2821 inani
555 2752 894 2837 jaftatione
925 2757 1237 2821 libertatis
1257 2800 1277 2833 ,
1322 2734 1693 2820 famam‘fa-

105 2874 368 2952 tumque
409 2869 813 2951 provocabat.
903 2866 1123 2934 Sciant
1149 2915 1167 2944 ,
1215 2868 1451 2950 quibus
1496 2863 1694 2928 moris

103 2982 186 3046 est
209 2983 434 3046 illicita
459 2981 709 3056 mirari,
747 2981 916 3062 poss'e
941 2982 1137 3046 etiam
1168 2981 1276 3044 sub
1306 2978 1493 3042 malis
1515 2976 1700 3052 Prin-2

111 3097 342 3179 cipibus
391 3111 660 3173 magnos
710 3095 878 3156 viros
925 3093 1048 3158 esse
1088 3114 1109 3156 :
1190 3091 1697 3171 obsequiumque

107 3225 182 3270 ac
221 3204 634 3279 modestiam,
688 3203 740 3266 >fi
783 3205 1083 3270 industria
1134 3224 1207 3267 ac
1245 3204 1427 3284 vigor
1458 3199 1695 3278 adsint,

117 3342 185 3386 eo
213 3319 428 3386 laudis
464 3309 805 3395 excedere,
853 3339 981 3403 quo
1007 3317 1297 3404 plerique
1329 3297 1439 3399 'per
1464 3316 1695 3422 abrup-

1393 3427 1437 3490 F
1480 3450 1525 3508 4

1037 3517 1052 3549 )
