2117 3875
423 260 552 335 158
610 313 620 326 ,,
717 204 722 211 ’
795 208 1685 344 SVPPLEMENTVMf
1750 286 1761 293 ,

420 420 648 506 Iusque
677 422 1054 499 obambulo,
1100 422 1169 487 in
1204 420 1487 489 forenses
1518 424 1817 489 revolvor
1852 420 2033 505 cogi-

417 537 700 603 tationes
712 583 735 618 ,
775 554 1157 618 mecumque
1191 546 1420 620 reputo
1445 538 1685 603 veteris
1714 536 2034 620 eloquen-

421 652 555 716 tiae
586 650 799 725 casum
820 695 841 726 ,
886 648 1099 715 diserti
1124 648 1321 713 nostri
1350 649 1655 715 sermonis
1686 650 2028 734 orIginem,

421 764 750 846 utriusque
777 761 994 827 causas
1023 760 1093 828 ἀ
1122 740 1459 845 utilitates.
1553 762 1728 839 Quid
1761 742 1889 826 hac
1930 762 2029 825 su-

421 894 540 963 per
569 896 640 941 re
679 877 837 939 mihi
877 874 1081 941 visum
1120 870 1488 959 explicabo,
1532 894 1663 939 non
1702 874 2029 940 contradi-

421 990 610 1055 cendi
641 986 848 1054 studio
870 1032 892 1065 ,
935 1007 1145 1073 neque
1190 998 1269 1053 ut
1296 988 1514 1073 *sensus
1552 1008 1732 1054 meos
1768 988 2028 1073 persua-

424 1104 650 1179 deam3
694 1100 798 1167 sed
823 1112 898 1167 ut
925 1102 994 1166 in
1011 1102 1133 1166 hac
1152 1098 1584 1195 disputatione
1605 1111 1819 1186 partes
1846 1120 2026 1173 meas

416 1216 722 1300 impleant
738 1260 760 1293 ,
796 1212 1145 1299 nostrisque
1170 1218 1273 1280 vel
1290 1216 1678 1281 discordibus
1696 1214 2025 1280 sententiis

421 1330 628 1413 magis
643 1329 958 1423 elucescat
971 1327 1229 1393 veritas.
1275 1329 1567 1411 Ignoscat
1588 1330 1808 1413 itaque
1822 1328 2024 1411 Aper,

419 1440 470 1507 fi
503 1439 696 1526 hujus
740 1440 1050 1526 temporis
1090 1442 1349 1523 ingenia
1391 1442 1705 1525 majorum
1744 1425 2025 1524 ingeniis

179 1550 186 1569 “
285 1596 302 1605 1
419 1576 552 1621 non
603 1554 988 1633 anteferam,
1033 1554 1190 1629 licet
1229 1554 1441 1648 nostra
1482 1556 1751 1620 mInime
1808 1554 2022 1637 depri-

422 1658 618 1734 mam'.
667 1668 768 1733 Ne
800 1668 1161 1734 succenseat
1181 1666 1474 1747 Meffala,
1520 1684 1715 1753 quem
1744 1677 1824 1733 tu
1860 1686 2035 1751 quo*

417 1800 582 1866 que,
630 1767 959 1859 Secunde,
1007 1778 1361 1847 adsestatus
1393 1803 1486 1847 es·
1588 1768 1803 1859 Vitia,
1854 1800 2023 1865 quae

393 1896 760 1992 acerrime,
791 1905 868 1962 ut
895 1896 1345 1980 integerrimos
1370 1896 1639 1961 decebat
1663 1894 1839 1962 viros
1855 1941 1877 1973 ,
1908 1916 2021 1960 ex·

418 2007 696 2092 agitastis
713 2055 730 2086 ,
777 2031 896 2092 ego
922 2010 1162 2099 pariter
1191 2009 1321 2074 odi.
1383 2005 1523 2076 Vos
1550 2019 1770 2074 tamen
1796 2009 2019 2073 rheto-

418 2124 596 2187 ribus
623 2123 795 2186 haud
822 2123 915 2185 ita
943 2123 1221 2188 infensos
1252 2122 1585 2188 voluissem
1612 2169 1632 2201 ,
1676 2108 1806 2186 no'n
1844 2123 2018 2206 quod

309 2246 335 2328 f
417 2255 530 2300 eos
545 2237 944 2300 renovandae
957 2234 1361 2320 eloquentiae
1372 2233 1617 2302 habiles
1634 2234 2014 2312 existimem,

349 2333 352 2336 Α
415 2349 521 2414 sed
551 2350 722 2434 quod
747 2349 982 2412 multos
1013 2351 1303 2431 noverim
1336 2369 1590 2414 morum
1619 2349 2015 2432 integritate,

412 2463 747 2528 severitate
795 2457 1157 2544 disciplinae
1185 2510 1209 2540 ,
1258 2441 1608 2528 'literarum
1657 2463 1843 2526 cultu
1882 2463 2015 2527 for-

253 2591 260 2599 ·
309 2641 312 2644 ,
414 2577 685 2639 mandae
704 2573 1439 2670 juventuti-utilissimos,
1520 2575 1662 2640 Hos
1690 2575 1889 2640 etiam
1914 2575 2014 2640 in-

411 2695 513 2752 ter
543 2707 717 2753 unus
742 2689 1025 2753 eminere
1051 2689 1297 2774 coepit,
1328 2688 1787 2773 quiquantun'n
1804 2690 1927 2752 hac
1946 2689 2012 2752 in

415 2823 485 2866 re
511 2801 809 2885 consequi
838 2803 1009 2868 vaiet
1035 2803 1322 2867 humana
1352 2801 1657 2866 industria
1674 2847 1696 2879 ,
1750 2809 2011 2866 tantum

409 2915 772 3001 praestabit.
842 2916 1040 2980 Illum
1070 2915 1249 2998 prior
1278 2924 1455 2981 aetas
1490 2895 1840 2992 laudafl‘et,
1890 2915 2013 2979 mi-

408 3029 654 3094 rabitur
683 3027 953 3112 postera.
1035 3027 1121 3092 At
1144 3048 1229 3094 ne
1266 3029 1417 3106 tibi,
1467 3025 1795 3106 Secunde,
1843 3045 2009 3093 vana

381 3142 547 3226 ¹spes
587 3139 862 3206 illudat:
924 3161 1138 3226 neque
1174 3141 1406 3224 hujus»,
1453 3159 1664 3224 neque
1698 3142 1867 3206 alius
1896 3160 2010 3203 cu-

400 3253 610 3336 jusvis„
641 3253 911 3318 artificio
951 3251 1285 3320 reviviscet
1318 3254 1723 3337 eloquentia,
1769 3273 2004 3338 quam,

413 3381 562 3428 cum
589 3369 878 3468 nondum
913 3367 1324 3452 pullulafl‘ent
1352 3367 1603 3434 nostrae
1638 3369 1871 3434 aetatis
1910 3365 2006 3432 vi·
