2117 3875
55 2 353 29 r-*v-ss‘
432 4 443 6 ”
484 4 487 6 ’
556 2 647 8 ss·-
692 4 753 8 -“--’
796 4 807 6 -
854 4 859 6 ·
909 4 920 7 -

195 160 626 288 ΒῙᾸιοεῐνε
667 216 788 284 DE
825 214 1403 339 ‘ORATovas
1512 200 1681 305 169‘

97 415 190 481 que
211 394 328 477 ipsa
352 393 836 458 inimicitiarum
862 393 1069 477 gloria
1086 440 1107 472 ,
1134 414 1281 459 cum
1306 394 1369 460 se
1387 396 1650 481 plurimi

91 510 418 574 disertorum
446 525 532 571 ne
561 526 598 569 a
621 508 692 571 P.
722 508 984 591 quidem
1003 504 1338 593 Scipione,
1371 484 1653 577 autsul·

88 623 166 698 la,
197 630 298 684 aut
321 621 434 685 Cn.
453 604 764 705 Pompeio
792 618 1211 699 abstinerent,
1248 622 1317 687 &
1341 626 1424 687 ad
1451 624 1655 691 inces-

89 736 272 799 sendos
298 736 620 819 principes
645 736 818 801 viros
834 781 854 812 ‚
890 744 966 799 ut
990 734 1080 800 est
1104 742 1335 801 natura
1350 738 1659 817 invidiae,

88 849 273 935 populi
319 850 522 912 etiam
573 849 912 913 histriones
961 850 1229 915 auribus
1275 858 1654 931 uterentur,

87 973 360 1045 quantum
399 966 698 1029 ardorem
745 963 1017 1045 ingeniis
1034 1010 1054 1041 ,
1101 981 1265 1047 quas
1298 968 1661 1033 oratoribus

87 1078 232 1139 faces
262 1059 696 1143 admovebant
723 1079 740 1140 l
805 1075 956 1141 Non
991 1078 1072 1141 de
1106 1076 1309 1143 otiosa
1338 1076 1408 1143 ἀ
1436 1080 1663 1163 quieta

85 1208 143 1252 re
167 1190 485 1274 loquimur
505 1238 525 1269 ,
573 1190 642 1255 δε
683 1208 854 1274 quae
882 1190 1201 1275 probitate
1250 1192 1320 1257 &
1357 1192 1663 1259 modestia

89 1305 359 1385 gaudeat:
405 1304 518 1370 fed
549 1304 646 1393 est
677 1324 909 1386 magna
938 1305 1045 1369 illa
1086 1302 1155 1370 ἀ
1188 1306 1493 1371 notabilis
1526 1308 1663 1373 elo·-

91 1418 352 1498 quentia,
379 1418 648 1482 alumna
677 1418 1008 1495 licentiae,
1044 1437 1241 1502 quam
1267 1418 1443 1484 stulti
1482 1423 1664 1483 liber-

92 1549 250 1591 tatem
280 1532 634 1607 vocabant,
670 1550 884 1595 comes
913 1532 1291 1597 seditionum
1311 1578 1331 1611 ,
1371 1531 1667 1599 effrenati

91 1645 283 1725 populi
297 1646 798 1709 incitamentum
811 1691 834 1721 ,
865 1642 994 1709 fine
1021 1645 1323 1729 obsequio
1336 1692 1357 1723 ‚
1384 1644 1517 1713 fine
1542 1645 1671 1710 ser·

97 1756 306 1835 vitute,
333 1768 684 1824 contumax
702 1805 722 1835 ‚
743 1760 1118 1835 temeraria,
1148 1778 1453 1842 arrogans
1466 1803 1486 1836 ,
1506 1778 1672 1842 quae

94 1870 152 1932 in
193 1872 350 1936 bene
408 1872 772 1937 constitutis
831 1871 1197 1940 civitatibus
1256 1892 1387 1935 non
1444 1873 1675 1937 oritur.

99 1984 283 2060 Quem
306 1988 484 2053 enim
499 1993 821 2074 oratorem
838 1985 1421 2052 Lacedaemonium
1436 2033 1457 2065 ‚
1477 2005 1673 2070 quem

100 2095 434 2167 Cretensem
463 2099 881 2184 accepimus?
917 2119 1191 2183 quarum
1216 2098 1551 2166 civitatum
1578 2101 1679 2168 se·
1786 2089 1793 2102 ’

97 2210 384 2278 veriflima
408 2214 772 2298 disciplina,
812 2211 880 2278 &
907 2211 1324 2280 severiflimae
1347 2214 1522 2298 leges
1542 2224 1678 2279 tra-

99 2325 330 2392 duntur.
407 2327 514 2394 Ne
553 2329 980 2392 Macedonum
1011 2326 1311 2410 quidem,
1358 2346 1433 2391 ac
1464 2329 1683 2393 Persa-

101 2457 260 2529 rum,
305 2451 422 2506 aut
460 2441 658 2506 ullius
705 2441 948 2524 gentio,
993 2459 1158 2524 quae
1196 2447 1371 2505 certo
1407 2442 1681 2526 imperio

102 2562 382 2618 contenta
411 2555 644 2636 fuerit,
678 2555 1113 2638 eloquentiam
1136 2555 1459 2624 novimus.
1504 2555 1684 2620 Rho-

103 2663 184 2726 dii
199 2668 454 2748 quidam
471 2715 492 2748 ‚
521 2669 784 2752 plurimi
804 2667 1225 2758 Athenienses
1250 2677 1539 2732 oratores
1570 2689 1686 2734 ex-

102 2775 405 2861 stiterunt,
452 2784 622 2866 apud
655 2801 814 2864 quos
855 2781 1070 2843 omnia
1109 2782 1421 2863 populus,
1467 2783 1684 2846 omnia

64 2880 66 2889 '
103 2889 364 2976 imperiti
385 2943 408 2972 ,
453 2895 701 2972 omnia,
746 2902 826 2958 ut
855 2891 940 2958 fic
969 2893 1241 2959 dixerim
1260 2939 1281 2970 ,
1318 2914 1541 2958 omnes
1566 2915 1685 2980 po·-

105 3009 322 3072 terant.
366 3007 600 3074 Nostra
624 3027 887 3091 quoque
908 3009 1169 3083 civitaS,
1208 3010 1413 3073 donec
1430 3009 1692 3086 erravit,

109 3118 294 3184 donec
323 3121 386 3186 se
426 3123 750 3206 partibus,
799 3121 866 3186 &
901 3119 1413 3198 diffenfionibuS,
1462 3119 1535 3186 &
1567 3119 1691 3186 dis·-

115 3235 326 3298 cotdiis
357 3237 636 3300 confecit
653 3281 673 3310 ‚
704 3236 904 3299 donec
927 3235 1103 3296 nulla
1132 3235 1257 3298 fuit
1285 3233 1355 3297 in
1378 3236 1521 3322 foro
1546 3234 1693 3316 pax,

116 3343 274 3412 uuna
302 3349 373 3412 in
407 3349 628 3415 senatu
661 3347 1000 3412 concordia
1023 3395 1048 3428 ‚
1108 3347 1287 3412 nulla
1334 3347 1403 3411 iu
1434 3346 1694 3430 judiciis

1298 3459 1435 3543 L'5
1512 3505 1561 3536 ,·
