2117 3875
492 204 1245 275 AenrcoLA
1589 222 1676 297 ω

91 386 331 467 cioque.
382 379 551 447 Tam
577 400 767 447 caeca
796 379 865 447 δε
897 392 1198 468 corrupta
1224 402 1404 449 mens
1425 380 1677 447 afflduie

94 496 561 561 adulationibus
591 504 729 561 erat
745 541 765 572 ,
808 504 883 559 ut
908 497 1178 561 nesciret
1194 541 1214 572 ,
1239 515 1280 558 a
1303 498 1472 559 bono
1499 504 1682 579 patro

90 629 211 676 non
238 608 427 673 scribi
453 608 753 679 heredem
771 654 791 685 ,
836 604 951 672 nisi
978 609 1223 673 malum
1253 609 1631 691 Principem.

284 720 427 797 Ejus
462 739 668 794 aetas,
708 721 911 800 forma
930 758 950 794 ‚
995 725 1236 781 honores
1257 758 1279 795 ‚
1323 740 1478 799 opes·

210 829 391 907 XLI
411 828 497 896 V.
543 829 751 895 Natus
783 842 923 896 erat
954 832 1284 914 Agricola,
1331 829 1484 896 Caio
1520 830 1696 897 Cae·¹

92 945 247 1020 sare,
288 943 568 1009 tertium
603 945 889 1021 consule,
934 946 1154 1011 Idibus
1175 944 1421 1021 Juniis:
1453 920 1684 1008 'exces-

95 1056 161 1123 fit
186 1058 369 1121 sexto
396 1056 467 1121 &
498 1055 1015 1139 quinquagefimo
1040 1077 1238 1134 anno,
1283 1057 1527 1123 decimo
1549 1054 1682 1119 Ka-

86 1171 309 1237 lendas
358 1166 764 1253 Septembres
782 1215 802 1246 ‚
848 1170 1108 1251 Collega
1152 1169 1484 1252 priscoque
1527 1188 1684 1235 con-

86 1284 355 1371 sulibus-
418 1283 611 1358 Quod
636 1280 683 1345 fi
708 1284 993 1347 habitum
1022 1301 1276 1367 qnoque
1303 1281 1442 1362 ejus
1475 1280 1685 1365 poste-

92 1396 145 1460 ri
184 1396 449 1459 noscere
492 1396 693 1461 velint
716 1442 736 1473 ,
782 1396 1106 1461 decentior
1133 1415 1329 1479 quam
1355 1394 1683 1459 sublimior

90 1509 211 1572 fuit
230 1528 251 1571 t
300 1508 465 1573 nihil
490 1516 705 1573 metus
728 1509 799 1571 in
822 1510 1039 1593 yultut
1086 1508 1291 1591 gratia
1317 1508 1444 1572 oris
1471 1508 1687 1591 super-

92 1629 265 1685 erat:
309 1622 551 1687 bonum
566 1621 785 1711 xvirum
814 1622 1001 1686 facile
1026 1622 1320 1685 crederes
1334 1664 1355 1696 ,
1382 1638 1688 1702 magnum

90 1734 381 1798 libenter.
470 1732 557 1797 Et
605 1734 731 1816 ipse
764 1733 1023 1816 quidem
1046 1778 1067 1809 ,
1115 1750 1514 1816 quamquam
1552 1752 1690 1793 me-

97 1848 203 1911 dio
234 1848 307 1909 in
344 1847 543 1929 spatio
572 1845 861 1929 integrae
891 1846 1120 1910 aetatis
1153 1853 1443 1929 ereptus,
1487 1862 1693 1927 quan-

97 1967 231 2024 tum
270 1962 353 2024 ad
396 1961 661 2042 gloriam
692 2005 710 2036 ,
772 1955 1199 2041 longiflimum
1241 1977 1468 2024 aevum
1506 1975 1692 2040 pere·-

102 2074 213 2156 git.
306 2073 561 2156 Quippe
606 2071 675 2136 &
708 2092 859 2138 vera
890 2073 1091 2150 bona,
1137 2091 1306 2155 quae
1339 2072 1406 2134 in
1434 2070 1691 2135 virtuti-

72 2187 219 2264 ,bus
258 2183 375 2248 fita
420 2183 599 2260 sunt,
644 2171 1074 2268 implex'rerat3
1142 2182 1212 2250 &
1251 2183 1692 2249 consularibus

103 2317 175 2361 ac
216 2297 705 2380 triumphalibus
734 2297 1126 2362 ornamentis
1161 2296 1448 2380 praedito
1470 2341 1490 2373 ,
1535 2296 1694 2377 quid

98 2403 271 2474 aliud
306 2409 625 2474 adstruere
656 2412 913 2474 fortuna
944 2417 1196 2493 poterat
1213 2397 1267 2473 2‘
1309 2409 1558 2491 Opibus
1593 2407 1696 2470 ni-

102 2524 245 2586 miis
302 2541 435 2586 non
477 2523 789 2604 gaudebat
821 2545 842 2598 3
900 2521 1209 2606 speciosae
1251 2521 1650 2602 contigerant
1669 2540 1693 2583 ε

100 2633 233 2699 filia
280 2645 471 2718 atque
500 2653 700 2699 uxore
737 2634 1208 2716 superstitibu5‚
1251 2632 1454 2716 potest
1492 2633 1698 2698 videri

104 2748 297 2812 etiam
342 2748 569 2810 beatus
602 2768 623 2822 3
682 2746 986 2810 incolumi
1019 2746 1326 2828 dignitate
1346 2791 1366 2822 ‚
1424 2745 1696 2808 florente

100 2861 269 2925 fama
289 2905 309 2934 ,
354 2858 539 2924 salvis
566 2857 1001 2922 adfinitatibus
1030 2857 1100 2924 &
1131 2859 1466 2932 amicitiis,
1511 2859 1696 2920 futu-

105 2991 173 3036 ra
210 2969 511 3052 effugiffe.
602 2969 773 3034 Nam
800 2968 985 3034 ficuti
1016 2973 1245 3036 durare
1287 2971 1353 3036 in
1393 2970 1512 3031 hac
1541 2969 1698 3032 bea-

102 3082 309 3148 tiffimi
352 3081 583 3147 saeculi
618 3081 805 3159 luce,
850 3101 923 3146 ac
954 3082 1314 3164 Principem
1342 3078 1698 3161 Trajanum

110 3197 355 3271 videre,
416 3198 601 3277 quod·
622 3195 891 3278 augurio
921 3194 1212 3276 votisque
1251 3194 1420 3276 apud
1451 3189 1706 3255 nostras

112 3328 286 3375 aures
304 3307 746 3376 minabatur:
788 3307 881 3374 ita
902 3305 1236 3374 festinatae
1263 3304 1491 3368 mortis.
1505 3321 1696 3410 gran-

1364 3416 1412 3481 F
1451 3431 1493 3499 5
