2117 3875
1215 5 1231 34 Ι

398 208 477 275 α
556 128 1338 287 coRn.TA01T1

188 348 1552 447 DIALOGVS

822 538 941 583 DE

260 655 1550 785 ORATORlssvffi·

786 840 976 887 cvm
1247 902 1254 911 .

446 952 1298 1072 SVPPtEMENTO.

382 1322 1400 1396 BREVIARIVM

88 1488 110 1536 1
164 1483 433 1536 Praefatio
456 1521 475 1545 ,
515 1483 881 1553 scribendique
909 1486 1103 1553 dialogi
1131 1486 1346 1541 oecafio.
1399 1490 1470 1537 11.
1507 1482 1690 1541 Perso-

146 1570 275 1613 nae,
322 1558 609 1605 Curiatius
637 1562 930 1613 Maternus,
969 1562 1040 1605 M.
1075 1557 1250 1622 Aper,
1287 1558 1457 1621 Julius
1491 1560 1686 1607 Secun-

150 1622 263 1674 dus.
338 1626 450 1672 In.
490 1630 783 1673 Maternum
818 1635 1026 1688 poetam
1056 1640 1084 1674 a
1113 1626 1332 1690 poeticis
1357 1623 1536 1675 studiis
1564 1640 1690 1676 avo·

156 1706 266 1740 care
312 1689 501 1741 studet
542 1692 830 1741 Secundus.
918 1696 1007 1743 lv.
1056 1688 1272 1743 Excusat
1314 1688 1364 1743 se
1406 1698 1690 1742 Maternus.

154 1764 213 1808 V.
266 1758 443 1809 Instat
470 1762 647 1826 Aper3
699 1762 755 1816 86
784 1760 1057 1811 contendit
1087 1762 1348 1819 utilitate,
1384 1764 1655 1825 voluptate
1675 1794 1692 1819 ,

156 1826 455 1892 dignitate,
495 1828 628 1879 fama
658 1830 939 1879 oratoriam
968 1839 1133 1877 artem
1164 1830 1260 1879 arti
1287 1829 1520 1893 poeticae
1549 1840 1694 1877 ante-

162 1897 492 1962 ponendam.
576 1900 719 1948 vm.
772 1896 934 1964 Qod
974 1896 1206 1947 Marcelli
1253 1897 1390 1964 Eprii
1435 1898 1500 1960 86,
1529 1892 1698 1963 Crispi

164 1965 303 2014 Vibii
322 1967 581 2031 exemplis
608 1967 663 2017 86
681 1966 871 2031 opibus
892 1965 1180 2018 confirmat.
1235 1970 1319 2015 IX.
1353 1970 1546 2018 Contra
1565 1980 1701 2031 poe-

134 2059 141 2063 ·
166 2037 297 2083 ticae
322 2036 541 2084 inanem
574 2037 628 2086 86
646 2029 1029 2107 ῥηΐτιιᾶυοίεπη
1058 2035 1266 2084 laudem
1293 2034 1406 2084 effe.
1475 2039 1532 2083 Χ.
1553 2039 1700 2084 Hor-

173 2115 308 2152 tatur
339 2119 471 2169 ergo
498 2109 785 2152 Maternum
802 2137 817 2160 ‚
850 2115 912 2151 ut
940 2101 1003 2152 ab
1030 2103 1303 2154 auditoriis
1323 2105 1376 2154 86
1395 2101 1604 2152 theatris
1631 2102 1696 2152 ad

172 2169 345 2221 forum
394 2167 675 2238 causasque
708 2167 759 2220 se
792 2182 1078 2221 convertat.
1149 2175 1234 2221 XI.
1270 2177 1530 2220 Maternus
1567 2186 1696 2236 poe-

175 2250 249 2288 tas
282 2239 543 2290 defendit.
628 2243 741 2289 x11.
788 2240 859 2288 Iis
903 2257 1031 2305 pura
1060 2273 1079 2298 ,
1127 2241 1424 2290 innocentia
1456 2274 1471 2297 ‚
1525 2239 1698 2290 divina

178 2304 295 2358 sunt
324 2307 534 2358 studia:
586 2323 767 2372 magna
804 2306 955 2358 fama.
1039 2311 1181 2362 xm.
1238 2303 1501 2373 speciosae
1536 2322 1660 2372 opes
1681 2325 1696 2354 ε
1728 2304 1733 2313 “

181 2375 301 2426 felix
326 2374 759 2428 contubernium.
811 2378 1054 2442 Inquieta
1088 2391 1210 2426 vero
1251 2378 1306 2428 86
1351 2377 1495 2426 anxia
1523 2387 1700 2426 orato-

165 2453 297 2496 *tum
322 2447 457 2496 vita.
525 2449 655 2494 xlv.
693 2448 832 2494 Haec
860 2443 1228 2502 traaantibu‘s,
1264 2445 1544 2494 intervenit
1573 2445 1704 2508 Vip-

186 2509 378 2564 stanius
394 2511 611 2562 Meffala.
646 2516 695 2561 Is
716 2513 1055 2578 antiquorum
1073 2512 1352 2562 admirator
1369 2547 1386 2570 ,
1412 2515 1703 2563 recentium

183 2594 555 2648 contemptor,
590 2582 789 2646 Aprum
821 2598 847 2629 a
874 2595 1130 2631 novorum
1163 2579 1432 2631 rhetorum
1464 2596 1609 2632 more
1637 2580 1703 2632 ad

190 2652 533 2717 antiquorum
561 2658 827 2700 oratorum
856 2647 1074 2699 formam
1103 2647 1300 2699 trahere
1325 2649 1531 2700 nititur.
1596 2655 1701 2701 XV.

189 2719 317 2768 Inde
348 2719 409 2768 de
439 2719 669 2784 antiquis
699 2717 755 2768 86
781 2717 1076 2766 recentibus
1103 2713 1404 2783 disputatio.
1473 2723 1605 2767 xvl.
1643 2721 1706 2768 In

191 2789 533 2854 antiquorum
574 2787 959 2848 venerationem
1003 2781 1300 2850 conspirant
1346 2785 1576 2842 Mess'ala,
1617 2790 1708 2834 Se-

195 2857 395 2906 cundus
412 2889 429 2914 ,
466 2857 523 2906 86
546 2859 826 2904 Maternus.
862 2855 1003 2919 Aper
1032 2855 1278 2920 antiquos
1307 2850 1578 2902 insectatur
1597 2887 1612 2910 ‚
1653 2854 1710 2904 86

194 2920 382 2973 saeculi
409 2919 493 2972 sui
524 2933 693 2988 partes
722 2933 918 2973 tuetur.
990 2925 1148 2972 XVII.
1172 2925 1438 2972 Incertum
1461 2922 1596 2973 enim
1617 2919 1710 2970 effe

196 2993 253 3043 86
299 2988 581 3044 obscurum
623 2991 965 3056 antiquorum
1001 3005 1213 3041 nomen.
1295 2988 1477 3038 XVIII.
1527 2991 1708 3038 Plures

198 3075 417 3126 quoque
453 3060 783 3124 eloquentiae
821 3054 1034 3123 species.
1100 3057 1713 3124 Malignitatehumana,

198 3122 469 3178 vetera'in
510 3126 696 3194 laude,
734 3121 1017 3192 praesentia
1055 3127 1112 3176 in
1153 3123 1353 3176 fastidio
1393 3123 1504 3174 effe.
1585 3129 1714 3175 XIX.

202 3197 419 3246 Cassium
443 3201 718 3254 Severum,
750 3211 908 3260 quem
933 3194 1262 3260 antiquitatis
1279 3194 1561 3243 terminum
1587 3208 1718 3244 con-

204 3263 459 3322 stituunt,
498 3279 604 3314 non
642 3258 878 3322 inscitia,
914 3259 1002 3312 sed
1034 3261 1235 3327 judicio
1270 3264 1326 3314 86
1350 3263 1614 3312 intellectu
1653 3263 1716 3312 ad

206 3348 397 3400 novum
420 3331 631 3386 dicendi
656 3347 817 3398 genus
842 3327 895 3382 se
922 3329 1243 3382 transtulisse.
1313 3333 1412 3383 XX.
1444 3334 1608 3382 Multa
1632 3344 1724 3382 ve·
