2117 3875
147 243 620 315 DLALOGVS'
645 244 798 313 DE
842 244 1415 315 ORATORIBVS
1528 270 1649 337 141

59 425 155 493 vilis
182 426 517 489 scientiam
549 420 846 492 veteres
893 432 1191 492 oratores
1234 426 1660 510 comprehen-
1768 426 1781 437 ’

49 542 262 616 debant,
306 538 378 603 &
407 542 920 623 grammatica,
967 538 1246 618 musica,
1295 540 1364 606 &
1396 562 1660 623 geome-

45 654 130 715 tria
151 654 662 720 imbuebantur.
735 655 1044 749 Incidunt
1068 656 1245 721 enim
1269 656 1498 719 causae
1514 647 1680 739 plu-¹

41 768 194 831 rimae
227 768 542 851 quidem,
600 788 694 831 ae
723 789 930 854 paene
961 790 1189 835 omnes
1208 816 1229 847 ‚
1280 770 1523 853 quibus
1553 769 1658 852 ju-

41 881 101 943 ris
125 882 342 945 notitia
373 882 861 947 defideratur:
907 886 1254 968 pleraeque
1290 893 1554 961 autem,
1589 883 1661 947 in

36 971 227 1076 quibui
252 996 379 1059 hae
407 976 722 1081 quoque
749 998 1050 1063 scientiae
1082 1000 1529 1081 requiruntur.

101 1107 445 1175 XXXII.
497 1110 672 1177 Nec
707 1112 1042 1195 quisquam
1071 1112 1488 1197 respondeat,
1524 1112 1658 1179 suf-

43 1218 193 1285 ficere
207 1269 226 1299 ‚
263 1232 342 1287 ut
373 1227 467 1297 ad
487 1208 790 1311 'tempus
813 1224 1077 1310 fimplex
1100 1228 1403 1309 quiddam
1421 1226 1490 1292 &
1508 1228 1657 1299 uni-

45 1336 212 1400 forme
251 1340 662 1405 doceamur.
752 1340 1045 1406 Primum
1092 1342 1267 1407 enim
1302 1323 1492 1406 aliter
1525 1343 1657 1407 uti-

51 1470 164 1513 mur
188 1454 472 1537 ptopriis
495 1500 518 1531 ‚
574 1455 777 1520 aliter
812 1456 1276 1521 commodatis:
1340 1456 1658 1541 longeque

51 1562 304 1631 interefl'e
316 1568 760 1635 manifestum
785 1568 910 1648 est,
953 1567 1261 1653 poflideat
1284 1572 1459 1653 quis,
1490 1590 1657 1654 quae

63 1678 296 1759 profert,
337 1700 430 1746 an
466 1691 846 1749 mutuetur.
938 1684 1192 1749 Deinde
1240 1683 1375 1765 ipsa
1422 1684 1660 1747 multa-

64 1808 177 1855 rum
208 1796 448 1861 artium
479 1798 760 1865 scientIa
790 1798 992 1863 etiam
1025 1797 1201 1860 aliud
1234 1804 1499 1879 agentes
1540 1816 1660 1863 nos

71 1915 254 1986 ornat,
297 1919 504 1997 atque
539 1914 661 1980 ubi
688 1913 968 1992 ⁶minime
1008 1913 1232 1976 credas
1248 1957 1270 1990 ,
1316 1910 1559 1975 eminet
1588 1908 1659 1976 δε
1702 1971 1715 1988 ,

70 2024 306 2091 excellit.
370 2028 597 2114 quue
623 2047 757 2092 non
786 2024 1018 2092 dostus
1049 2028 1243 2091 modo
1278 2025 1359 2092 δε·
1376 2006 1676 2110 prudens'

73 2136 321 2218 auditor,
369 2142 484 2207 sed
516 2144 720 2210 etiam
744 2142 1024 2227 populus
1052 2141 1391 2224 intelligit:
1438 2161 1515 2204 ac
1539 2140 1666 2206 sta-

77 2245 177 2310 tim
207 2251 295 2317 ita
334 2237 542 2322 laude
580 2255 1044 2348 prosequitur,
1084 2265 1165 2321 ut
1198 2256 1489 2340 legitime
1532 2255 1664 2320 stu·-
1737 2317 1743 2321 .

80 2361 284 2446 duifi‘e,
341 2376 421 2434 ut
459 2391 584 2456 per
625 2387 850 2438 omnes
899 2371 1307 2453 eloquentiae
1354 2387 1665 2434 numeros

85 2471 176 2540 iffe
193 2523 214 2556 ‚
265 2490 337 2552 ut
384 2487 672 2574 denique
718 2493 1046 2548 oratorem
1094 2485 1293 2548 etiam
1332 2486 1665 2549 fateatur.

84 2603 245 2668 quem
265 2577 396 2663 non
421 2600 602 2684 poffe
633 2599 821 2664 aliter
845 2596 1169 2676 exfistere,
1208 2617 1343 2662 nec
1365 2595 1668 2662 exstitifl'e

44 2714 48 2744 ³
94 2719 372 2790 umquam
403 2713 722 2780 confirmo
741 2757 762 2791 ‚
793 2709 912 2777 nifi
935 2733 1125 2789 eum,
1155 2712 1303 2795 qui,
1334 2719 1669 2796 tamquam

93 2811 356 2888 'maciem
389 2829 692 2894 omnibus
720 2828 915 2890 armis
946 2821 1290 2892 instruRuS
1305 2871 1325 2902 ,
1364 2825 1449 2890 fic
1474 2827 1545 2920 in
1568 2828 1672 2888 fo-

99 2943 224 2996 rum
245 2939 546 3010 ‘omnibus
574 2943 821 3025 artibus
851 2948 1138 3004 armatus
1171 2940 1446 3008 exierit:
1493 2938 1672 3020 quod

109 3045 237 3111 adeo
263 3059 602 3140 negligitur
627 3057 706 3120 ab
733 3035 972 3120 henim
997 3063 1371 3137 temporum
1398 3050 1675 3129 disertis,

108 3160 246 3226 utin
276 3167 628 3238 afflonibus
655 3188 889 3236 eorum
915 3169 1023 3232 fex
1052 3186 1322 3251 quoque
1350 3164 1676 3248 quotidia-

116 3269 169 3333 ni
199 3275 522 3363 sermonis,
566 3285 758 3350 foeda
806 3301 881 3346 ac
921 3281 1221 3365 pudenda
1258 3279 1417 3346 vitia
1446 3282 1675 3363 depre-

52 3441 56 3493 t
114 3380 428 3465 &tendantur
445 3443 468 3478 ,
511 3406 591 3464 ut
623 3394 923 3482 ignorent
955 3395 1131 3478 leges
1156 3439 1179 3474 ,
1238 3413 1373 3460 non
1409 3401 1673 3462 teneant
