2117 3875
241 186 704 295 mALons
750 222 872 293 DE
913 186 1487 311 oRA‘romssvs
1602 248 1733 317 133

96 402 199 465 ita
229 401 552 481 utuntur,
596 412 676 468 ut
696 402 954 471 lascivIa
983 404 1365 482 verborum,
1411 402 1727 471 &levita-

89 500 174 580 te
221 517 693 582 sententiarum
711 562 732 595 ,
779 516 850 583 ὅτ
897 519 1163 583 licentia
1208 517 1683 617 compositionis
1700 564 1723 596 ,

84 630 512 696 histrionales
555 634 782 697 modos
826 634 1231 717 exprimant:
1276 635 1579 718 quodque
1614 633 1727 697 vix

87 746 342 811 auditu
367 748 469 811 fas
495 745 620 811 effe
651 748 912 824 debeat,
955 748 1201 826 laudiS,
1236 746 1305 813 ὅτ
1337 748 1579 830 gloriae
1599 793 1620 824 ,
1650 744 1723 811 &t

83 859 352 942 ingenii
383 862 528 924 loco
559 861 850 945 plerique
881 859 1158 942 jaetant,
1199 862 1447 925 cantari
1474 860 1726 926 saltari-

89 992 238 1057 que
285 975 792 1041 commentarios
841 974 1010 1039 suos·
1118 974 1305 1041 Unde
1360 975 1567 1039 oritur
1610 975 1723 1039 ina

85 1090 299 1153 foeda
327 1087 402 1153 δε
430 1088 868 1173 praepostera,
897 1089 1003 1153 sed
1020 1097 1239 1154 tamen
1254 1092 1561 1173 frequens
1577 1090 1723 1173 qui-

88 1203 378 1268 busdam
397 1204 784 1267 exclamatio
798 1234 832 1281 ,1
865 1210 940 1268 ut
969 1208 1307 1267 “oratores
1326 1202 1523 1267 nostri
1538 1210 1722 1268 tene-

89 1336 174 1380 re
202 1317 468 1393 dicere,
502 1302 839 1381 histriones
863 1318 1091 1382 diserte
1108 1318 1371 1381 saltare”
1399 1318 1719 1381 dicantur.

90 1429 436 1514 Equidem
465 1450 598 1495 non
631 1432 1000 1515 negaverim
1017 1478 1037 1509 ,
1066 1428 1339 1496 Caffium
1366 1428 1719 1509 Severum,

93 1567 310 1631 quem
333 1544 540 1609 solum
563 1544 744 1629 Aper
772 1544 984 1611 noster
1005 1546 1342 1611 nominare
1374 1544 1567 1610 ausus
1599 1544 1723 1621 est,

97 1658 154 1723 fi
181 1660 290 1724 his
319 1668 767 1744 comparetur,
811 1662 924 1745 qui
944 1660 1161 1746 postea
1192 1661 1467 1725 fuerunt
1486 1706 1506 1737 ,
1549 1656 1724 1742 poffe

101 1781 446 1845 oratorem
468 1775 718 1853 vocari,
765 1794 1164 1859 quamquam
1187 1773 1259 1861 in
1280 1791 1512 1855 magna
1540 1780 1725 1855 parte

95 1888 430 1955 librorum
459 1888 721 1954 suorum
747 1890 896 1974 plus
925 1889 1025 1954 vis
1053 1887 1325 1965 habeat,
1375 1904 1568 1970 quam
1586 1884 1728 1950 san·
1762 1870 1771 1877 ⁰

99 1995 354 2088 guinis.
416 2003 676 2070 Primus
706 2005 880 2071 enim
901 2049 922 2081 ,
970 2009 1343 2086 contempto
1372 2001 1597 2067 ordine
1623 2019 1729 2066 re-
1790 2013 1805 2024 ‘

100 2139 296 2195 rum,
345 2116 566 2184 omiffa
583 2117 890 2184 modestia
907 2163 928 2195 ,
976 2138 1054 2182 ac
1081 2119 1331 2201 pudore
1358 2115 1727 2192 verborum,

96 2232 260 2323 ipfis
296 2233 496 2297 etiarn
519 2279 541 2312 ‚
585 2227 818 2316 quibus
849 2232 1099 2308 utitur,
1146 2233 1343 2296 armis
1390 2231 1730 2314 incompo-

101 2345 270 2412 ficus
293 2392 314 2424 ,
358 2344 430 2412 δε
457 2345 667 2410 studio
691 2345 965 2410 feriendi
995 2346 1379 2428 plerumque
1412 2341 1730 2418 detectus,

103 2481 250 2526 non
281 2467 564 2546 pugnat,
609 2459 716 2523 sed
747 2459 1017 2524 rixatur.
1066 2457 1407 2534 Ceterum,
1453 2466 1533 2521 ut
1560 2455 1727 2532 dixi,

105 2574 526 2658 sequentibus
557 2581 1001 2657 comparatus,
1049 2571 1123 2638 &
1159 2569 1732 2666 varietateerudi-
1835 2660 1844 2667 .
1945 2560 1953 2571 '

103 2689 354 2764 tioniS,
399 2685 472 2752 ὁ(
513 2687 733 2770 lepore
759 2686 1179 2762 urbanitatis,
1226 2685 1603 2769 &ipsarum
1632 2684 1731 2749 vi-

107 2804 288 2866 rium
316 2803 582 2878 robore,
629 2801 914 2864 multum
942 2807 1195 2864 ceteros
1222 2800 1514 2883 superat:
1563 2817 1733 2881 quo·
1858 2791 1869 2808 ⁸

109 2937 262 2980 rum
308 2915 636 2983 neminem
677 2911 858 2996 Aper=
896 2914 1235 2980 nominare
1262 2959 1281 2991 ,
1340 2911 1411 2976 &
1450 2913 1630 2977 velut
1664 2911 1733 2974 in
1800 2949 1809 2964 ·

112 3031 326 3094 aciem
346 3030 622 3092 educere
639 3027 948 3090 sustinuit.
994 3027 1137 3108 Ego
1160 3033 1382 3090 autem
1408 3021 1735 3107 exspecta-

113 3144 302 3220 bam,
349 3151 424 3206 ut
456 3140 741 3204 incusato
773 3137 1032 3216 Afinio,
1082 3139 1151 3202 δε
1180 3137 1439 3214 Coelio,
1484 3136 1553 3202 &
1592 3136 1739 3202 Cala
1802 3139 1807 3152 “

115 3277 238 3333 νο,
287 3255 466 3320 aliud
495 3273 742 3319 novum
775 3253 1014 3334 ag'men‘
1033 3253 1452 3336 produceret,
1497 3251 1738 3337 plures-

119 3391 247 3456 que
269 3417 288 3449 ,
337 3369 446 3436 vel
482 3376 658 3434 certe
703 3368 979 3432 totidem
1021 3366 1424 3443 nominaret,
1474 3389 1551 3432 ex
1592 3366 1739 3450 qui·-

1384 3479 1509 3564 13
