2117 3875
356 227 359 233 ¹
420 252 513 326 98
704 236 780 304 C.
826 235 1334 317 CORNELII
1395 235 1777 306 TACITI

424 382 757 503 proffuens
786 413 989 479 sermo
1024 434 1156 479 non
1189 414 1437 479 defuit:
1480 412 1556 483 ,ὅτ
1590 392 1773 499 Aper
1793 459 1816 491 ,
1875 430 2081 478 com-

424 531 609 599 muni
648 530 1013 594 eruditione
1047 500 1380 605 imbutus„
1435 528 1910 593 contemnebat
1951 548 2080 609 po-

426 646 559 710 tius
576 644 799 707 literas
818 690 837 719 ,
858 662 1047 724 quam
1071 640 1389 705 nesciebat
1405 688 1425 719 ‚
1473 639 2077 725 tamquam-majo-

424 778 563 823 rem
590 755 938 821 industriae
978 754 1046 821 &
1081 757 1320 819 laboris
1349 756 1618 837 gloriam
1653 757 2072 829 habituruS,

420 870 472 937 fi
497 869 827 953 ingenium
860 868 999 952 ejus
1032 871 1230 933 nuliis
1262 870 1622 934 alienarum
1651 870 1906 933 artium
1945 871 2068 931 ad-

364 1032 377 1067 „
420 984 749 1051 miniculis
776 984 963 1047 inniti
988 985 1336 1049 videretur.
1430 984 1638 1065 Igitur
1665 992 1738 1073 ut
1765 983 2070 1046 intravi-

420 1119 566 1164 mus
594 1098 957 1161 cubiculum
988 1097 1304 1175 Materni,
1335 1098 1658 1161 sedentem
1688 1098 1906 1179 ipsum
1927 1142 1948 1172 ,
1988 1094 2063 1159 δε

418 1232 612 1295 quem
638 1213 843 1295 pridie
873 1213 1288 1292 recitaverat,
1333 1212 1568 1275 librum
1595 1212 1768 1275 intra
1803 1228 2058 1273 manus

414 1326 755 1389 habentem
780 1370 798 1401 ,
846 1326 1411 1409 deprehendimuS.

360 1420 367 1427 ’
473 1440 829 1501 Maternum
846 1456 1094 1516 poetam
1127 1462 1164 1499 a
1187 1443 1440 1517 poeticis
1458 1436 1681 1516 studiis
1713 1458 1987 1499 avocare

934 1551 1134 1626 studet
1170 1550 1482 1614 Secundus.
2114 1624 2115 1639 χ

543 1662 698 1729 ΙΙΙ.
746 1662 921 1727 Tum
956 1662 1290 1726 s'eeundus:
1339 1649 1461 1727 Nil'
1491 1683 1576 1727 ne
1619 1669 1723 1737 te,
1771 1662 2045 1745 inquit,
2114 1640 2115 1675 ³

412 1776 745 1853 Materne,
790 1777 1047 1841 fabulae
1089 1775 1520 1860 malignorum
1565 1784 1852 1854 terrent,
1899 1797 2046 1860 quo
2114 1845 2116 1849 ,

408 1892 628 1956 minus
675 1889 942 1956 offensas
988 1889 1248 1978 Catonis
1293 1888 1392 1955 tui
1439 1889 1668 1955 ames?
1729 1892 1841 1954 An
1875 1892 2039 1956 ideo
2107 1964 2114 1986 ¹

383 2005 641 2068 ,librum
665 2004 851 2067 istum
882 2003 1390 2087 apprehendisti,
1433 2015 1512 2069 ut
1527 2005 1904 2086 diligentius
1927 2025 2038 2068 re·
2105 1995 2116 2095 f

402 2115 751 2192 tractarem
798 2115 865 2180 δι
900 2117 1158 2182 sublatis
1184 2163 1203 2194 ‚
1250 2117 1296 2181 fi
1329 2136 1494 2202 quae
1523 2133 1788 2202 pravam
1819 2119 2037 2182 inter·
2110 2127 2117 2176 ζ

368 2228 699 2316 ·pretandi
744 2231 1079 2294 materiam
1125 2233 1475 2309 dederunt,
1522 2234 1854 2298 emitteres
1899 2233 2032 2298 Ca·
2108 2215 2110 2263 Ᾰ

398 2353 620 2408 tonem
644 2387 663 2420 ,
721 2363 851 2407 non
898 2343 1160 2427 quidem
1181 2329 1543 2410 ¹meliorem
1575 2392 1595 2423 ,
1655 2346 1761 2410 sed
1796 2355 2030 2410 tamen
2111 2378 2117 2434 q

400 2455 837 2522 securiorem?
898 2455 1072 2540 Tum
1108 2451 1243 2536 ille‘,
1291 2459 1493 2542 Leges
1529 2468 1604 2524 tu
1633 2461 1934 2542 quidem,
1979 2458 2026 2522 fi
2099 2456 2115 2546 ἵ

396 2551 715 2646 volueris9
764 2569 833 2634 &
864 2573 1164 2654 agnosces
1179 2619 1198 2650 ,
1245 2592 1410 2655 quae
1443 2573 1716 2638 audisti:
1765 2576 1948 2655 quod
1975 2571 2022 2636 fi
2094 2516 2107 2618 Ι

297 2661 312 2674 ’
398 2703 527 2768 qua
569 2682 777 2747 omifit
810 2684 1001 2762 Cato,
1052 2671 1336 2770 sequenti
1366 2677 1745 2751 recitatione
1778 2686 2022 2771 Thye-
2113 2739 2116 2765 Ι

392 2798 519 2864 stes
565 2798 757 2863 dicet.
854 2799 1039 2863 Hanc
1083 2803 1256 2865 enim
1293 2803 1690 2883 tragoediam
1735 2801 2020 2884 disposui
2111 2881 2113 2889 Α

390 2910 557 2995 jam,
604 2911 673 2977 δε
715 2913 881 2985 intra
917 2934 1022 2978 me
1050 2913 1180 2996 ipse
1215 2913 1513 2980 formavi.
1601 2914 1824 2996 Atque
1861 2916 2016 2978 ideo

390 3036 716 3091 maturare
743 3027 889 3090 libri
914 3028 1107 3109 hujus
1137 3029 1488 3092 editionem
1509 3027 1769 3104 festino,
1802 3038 1886 3093 ut
1911 3030 2020 3092 di-
2109 3079 2112 3118 :

389 3139 570 3203 miffa
598 3141 811 3224 priore
840 3161 1031 3218 cura,
1077 3128 1284 3206 novae
1309 3141 1684 3225 cogitationi
1718 3151 1860 3206 toto
1894 3163 2014 3225 pe-

386 3249 570 3315 &tore
622 3255 1017 3318 incumbam.
1106 3257 1294 3319 Adeo
1338 3265 1405 3318 te
1444 3256 1814 3339 tragoediae
1851 3255 2013 3320 istae

388 3381 523 3430 non
551 3363 779 3429 satiant
798 3413 819 3445 ‚
864 3367 1073 3452 inquit
1098 3374 1278 3450 Aper,
1325 3387 1452 3454 quo
1471 3371 1684 3436 minus
1698 3416 1720 3449 ‚
1768 3366 2008 3434 omissis
