2117 3875
423 247 513 313 94
707 225 780 293 c.
828 220 1340 294 CORNELII
1382 220 1759 295 TA01T1

497 402 620 450 teris
653 402 988 468 eloquentiae
1013 401 1159 451 vitia.
1206 402 1495 451 'Recentem
1520 398 1613 449 effe
1642 400 1957 451 laetiorem
2012 398 2097 451 δέ

494 470 866 535 pulchriorem.
937 472 1065 519 XXI.
1102 474 1186 521 De.
1210 472 1366 518 Calvo
1388 502 1402 526 ,
1444 470 1621 519 Caelio
1642 503 1658 527 ,
1698 472 1758 518 C.
1784 464 2089 525 Caesare,

492 543 686 597 Bruto,
730 532 1313 604 eornm⁴Ciceronisque
1347 536 1699 595 carminibus,
1739 536 1809 586 de
1846 536 2087 587 Asinio

495 610 552 659 δι
577 608 802 667 Corvino
831 606 1045 670 judicia.
1118 611 1270 654 XXII.
1310 606 1577 655 Ciceronis
1593 604 1774 655 laudes
1796 608 1857 657 δε
1882 608 2083 655 vitia-

493 680 672 725 XXIII.
727 682 988 725 Summam
1022 676 1356 739 eloquentiae
1388 687 1549 725 artem
1578 674 1705 732 effe,
1759 675 2085 741 antiqno-

493 760 611 793 rum
646 747 842 809 egregia
872 758 1117 811 quaeque
1138 744 1332 793 imitari
1353 777 1368 800 ,
1408 744 1463 792 &
1500 758 1527 791 a
1562 742 1865 793 recentibus
1906 742 2073 793 fcli-

492 812 619 862 citer
655 826 854 878 reperta
898 807 1127 861 miscere.
1224 816 1393 861 XXIV.
1448 817 1711 861 Maternus
1752 810 2065 861 Messalam

490 882 746 939 hortatur,
780 896 884 931 non
914 880 976 929 ad
996 878 1352 930 laudationem
1379 880 1747 945 antiquorum,
1780 894 1939 947 quos
1958 880 2061 929 fa-

493 966 574 999 ma
609 946 696 997 sua
733 945 848 998 satis
877 948 1086 1007 laudat,
1122 945 1209 998 sed
1246 964 1308 997 ut
1346 944 1549 1006 causas,
1588 965 1683 997 cur
1714 948 1767 998 in
1805 962 2063 999 tantum

493 1017 556 1067 ab
589 1032 768 1067 eorum
801 1018 1102 1083 eloquentia
1130 1012 1363 1083 praesens
1389 1028 1523 1066 aetas
1552 1016 1838 1075 recesserit,
1900 1035 2063 1083 ape-
2098 1017 2101 1037 ‘

491 1088 608 1136 riat.
679 1088 822 1135 XXV.
859 1086 1052 1135 Meffala
1085 1085 1339 1152 quaedam
1373 1098 1545 1136 tamen
1574 1087 1637 1135 de
1664 1086 2055 1151 antiquorum

491 1155 737 1214 nomine)
792 1157 847 1206 86
883 1155 1085 1219 -judicia
1132 1155 1194 1203 de
1240 1158 1399 1209 Calvo
1430 1189 1444 1212 ,
1494 1152 1672 1206 Afinio
1699 1189 1715 1213 ,
1765 1150 2057 1215 Caesare,

490 1225 670 1273 Caelio
703 1259 718 1283 ,
770 1228 930 1274 Bruto
959 1258 974 1281 ‚
1025 1224 1323 1281 Cicerone,
1371 1226 1622 1273 retraQat.
1722 1226 1906 1273 XXVI.
1968 1228 2047 1273 C·

489 1291 812 1350 Gracchum,
852 1297 906 1343 L.
949 1291 1175 1343 Crassum
1216 1291 1414 1341 laudat.
1462 1298 1809 1342 Maecenatem
1850 1308 2040 1351 veru,

489 1362 784 1411 Gallionem
817 1363 870 1411 &
899 1359 1116 1410 Caffium
1147 1364 1387 1410 Severum
1420 1359 1766 1425 reprehendit.
1804 1365 2039 1411 xxvn.

483 1429 733 1482 Meffalmn
773 1430 982 1497 longius
1023 1442 1291 1493 vagantem
1336 1429 1399 1479 ad
1438 1425 1761 1495 propofitum
1792 1430 2045 1479 retrahit

483 1502 768 1548 Maternus.
837 1500 1061 1547 XXVIII.
1093 1492 1279 1547 Causas
1300 1514 1449 1561 ergo,
1481 1514 1573 1547 cur
1591 1499 1899 1564 eloquentia
1932 1516 2043 1547 ce-
2101 1514 2102 1517 ¹

485 1579 732 1633 teraeque
756 1577 888 1616 artes
919 1582 945 1615 a
970 1578 1143 1615 vetere
1168 1567 1331 1631 gloria
1350 1564 1671 1624 desciverint,
1690 1564 1859 1629 adfert
1873 1563 2031 1617 Mes-

481 1632 584 1687 sala
617 1670 634 1695 ,
665 1633 912 1685 ‘desidiam
948 1634 1239 1700 juventutis
1260 1669 1275 1693 ,
1312 1636 1679 1700 negligentiam
1708 1648 2031 1699 parentum,

483 1700 806 1755 inscientiam
849 1704 1313 1769 praecipientium,
1368 1706 1424 1753 86
1472 1702 1790 1753 oblivionem
1837 1706 2027 1754 moris

483 1775 713 1840 antiqui.-
780 1775 997 1826 xxx-111.
1036 1776 1176 1821 Haec
1204 1788 1323 1821 cum
1350 1773 1609 1821 evolveret
1626 1770 1817 1821 Messala
1835 1806 1851 1830 ,
1880 1788 2027 1823 eum

483 1841 796 1900 testitantem
825 1840 1050 1905 impellit
1074 1846 1367 1899 Maternus-‚
1402 1853 1466 1889 ut
1494 1836 1841 1906 prosequatur
1859 1874 1874 1898 ‚
1922 1844 2021 1899 δι,

460 1911 755 1976 ,quomodo
783 1922 980 1960 veteres
1005 1910 1213 1974 ingenia
1243 1911 1469 1966 alerent,
1511 1908 1711 1960 doceat.
1782 1913 2015 1962 XXXIV.

481 1979 676 2028 Messala
715 1979 899 2027 veteris
931 1977 1184 2040 juvenum
1212 1977 1553 2028 institutionis
1588 1989 1721 2028 artes
1754 1979 2015 2043 explicat.

479 2051 664 2096 xxxv.
713 2046 1038 2096 Recent10ris
1083 2046 1205 2093 vitia
1254 2047 1457 2110 retegit.
1528 2047 1597 2094 Ar
1638 2048 1689 2094 in
1728 2049 1817 2092 hac
1857 2062 2016 2114 parre

481 2118 682 2162 mutilus
729 2115 790 2172 est
824 2115 1055 2174 Meffalae
1090 2115 1265 2172 sermo.
1340 2116 1486 2161 Periit
1516 2117 1705 2180 integra
1740 2115 1878 2177 {Julii
1912 2118 2019 2164 Se-

480 2185 624 2230 cundi
655 2182 824 2228 oratio.
879 2187 931 2228 In
963 2184 1184 2229 Materno
1218 2183 1387 2242 desunt
1418 2201 1601 2248 qaoque
1632 2185 1797 2230 initia·
1850 2186 2009 2250 ‚Quae

479 2253 819 2318 deficiet-autur,
844 2251 1062 2316 supplere
1078 2247 1261 2312 juvat,
1299 2265 1356 2297 ut
1373 2251 1577 2311 facilius
1597 2254 1661 2316 fir
1675 2250 1869 2314 hujusce
1886 2253 2011 2299 dia-

480 2315 608 2386 logi*
633 2319 821 2379 sensum
885 2317 1086 2384 adsequi
1112 2351 1126 2374 ,
1190 2317 1384 2384 ejufique
1436 2319 1681 2366 utilitates
1730 2322 2008 2387 percipere.

481 2399 532 2437 1.
570 2387 788 2436 Retestis
823 2401 1002 2450 pravae
1029 2383 1371 2436 institutionis
1403 2387 1543 2435 vitiis
1562 2421 1578 2444 ,
1616 2387 1812 2436 Messala
1839 2387 2013 2450 juve-

479 2471 608 2506 num
641 2450 928 2513 inl‘citiam,
965 2469 1089 2503 cum
1128 2453 1191 2503 ad
1229 2469 1376 2504 veros
1403 2453 1604 2517 judices
1645 2468 1862 2507 ventum
1895 2456 2007 2516 est,

480 2523 712 2588 explodit
731 2559 745 2582 ,
785 2518 976 2588 eosque
995 2556 1012 2581 ,
1049 2521 1150 2570 fine
1178 2524 1286 2571 ulla
1315 2521 1515 2587 publici
1537 2524 1831 2590 privatique
1857 2523 2003 2587 juris

480 2593 824 2656 experientia,
864 2592 982 2640 exili
1019 2600 1222 2640 tantum
1258 2593 1509 2656 elegantia
1540 2592 1805 2657 turgidave
1836 2609 2003 2658 gran-

478 2661 639 2710 ditate
681 2659 930 2711 ridiculos
974 2654 1289 2725 scenicisque
1341 2671 1732 2726 praeceptorum
1771 2655 1999 2712 suorum

474 2728 674 2778 artibus
722 2728 987 2778 instructos
1023 2727 1231 2794 prodire
1267 2725 1507 2778 ostendit.
1578 2740 1631 2779 ¹2.
1678 2727 2004 2780 Histrionica

473 2798 569 2849 hac
601 2795 924 2847 institutione
963 2796 1213 2861 perditam
1248 2796 1339 2844 else
1380 2798 1735 2862 eloquentiam
1768 2801 2001 2848 conclu-

473 2868 572 2916 dit.
645 2877 694 2929 3.
731 2871 1021 2915 Maternum
1051 2867 1107 2914 &
1138 2863 1430 2914 Secundum
1462 2871 1715 2924 hortatur,
1747 2881 1812 2915 ut
1828 2867 1997 2917 altio·

473 2951 554 2985 res
582 2936 739 2992 alias,
779 2933 812 2982 fi
861 2949 994 3000 quae
1029 2931 1157 2990 fin‘t,
1196 2926 1367 2980 causas
1400 2934 1651 2997 aperiant.
1718 2945 1773 2998 4.
1812 2936 1993 2999 Julius

477 3001 742 3053 Secundus
773 3017 879 3058 non
905 3002 1008 3049 tam
1034 3015 1192 3050 novas
1218 3015 1491 3066 corruptae
1511 3003 1845 3068 eloquentiae
1865 3019 1998 3054 cau-

468 3069 546 3122 fas
577 3071 864 3136 expromit,
903 3086 1060 3136 quam
1108 3085 1135 3116 a
1162 3068 1353 3118 Mess'ala
1389 3073 1565 3120 allatas
1606 3071 1861 3134 explicat,
1903 3087 1995 3120 ea·

471 3157 695 3206 rumque
740 3139 990 3202 origine-m
1043 3137 1371 3188 demonstrat.
1422 3150 1505 3200 ¹5.
1552 3144 1749 3188 Mutata
1798 3155 1991 3205 nempe

471 3209 736 3272 republica
761 3241 774 3265 ,
815 3219 1008 3255 mutata
1032 3201 1154 3254 sunt
1180 3207 1383 3269 ingenia
1403 3223 1419 3264 5
1458 3209 1513 3258 &
1536 3202 1633 3256 sub
1652 3207 1988 3272 Principibus

469 3290 577 3325 non
608 3275 940 3340 eloquentia,
979 3270 1065 3322 sed
1104 3274 1299 3338 ingenii
1336 3274 1502 3333 fama,
1542 3291 1695 3325 curae
1731 3275 1857 3329 fuit.
1924 3280 1989 3326 In

467 3344 682 3402 Annaeo
709 3349 894 3393 seneca
921 3343 1095 3408 coepit
1120 3343 1212 3396 illa
1237 3342 1433 3412 ingenii
1460 3344 1695 3414 prurigo.
1767 3343 1823 3397 6.
1858 3344 1985 3410 Ejus
