2117 3875
303 246 311 253 ·
440 230 1202 301 AGRICOLA
1359 252 1366 259 ·
1537 234 1622 299 61

78 414 336 499 plerisque
353 456 373 487 ,
434 428 609 493 quos
646 408 1031 475 conscientia
1075 404 1454 475 defectionis
1468 454 1490 487 ‚
1553 407 1626 475 δε
1707 402 1718 419 “

78 527 293 612 propius
328 546 409 589 ex
448 524 669 607 legato
700 525 899 587 timor
938 522 1244 607 agitabat.
1309 521 1440 587 Hic
1473 542 1628 589 cum

77 641 321 723 egregius
364 646 589 703 cetera
604 685 625 716 ,
680 632 1055 723 arroganter
1085 634 1158 699 in
1185 636 1434 701 deditos
1452 654 1492 714 ,·
1519 636 1590 703 ὅτ
1603 680 1624 715 ,

79 764 135 818 ut
154 754 275 817 suae
298 770 575 836 quoque
600 751 871 834 injuriae
894 750 1108 827 ultor,
1153 748 1378 814 durius
1406 749 1634 815 consu·

78 869 201 931 leret
212 888 231 943 3
269 864 489 930 miffus
544 864 887 929 Petronius
934 862 1352 949 Turpilianus
1378 909 1400 942 ‚
1459 870 1632 927 tam-

80 977 674 1061 quamexorabiliort
718 976 791 1044 δε
820 974 1070 1043 deustis
1093 974 1369 1045 hostium
1397 995 1630 1056 novus,

79 1112 239 1175 eoque
276 1092 717 1175 paenitentiae
756 1091 1013 1167 mitior,
1058 1088 1416 1175 compofitis
1454 1094 1634 1176 prio-

78 1207 243 1280 ribus,
280 1204 445 1271 nihil
486 1206 667 1270 ultra
708 1204 897 1271 ausus
922 1249 941 1280 ,
986 1201 1312 1269 Trebellio
1351 1204 1634 1273 Maximo

80 1318 447 1421 provinciam!
474 1318 771 1383 tradidit.
856 1314 1218 1383 Trebellius
1261 1316 1510 1403 segnior
1563 1318 1638 1385 ὄε

81 1431 229 1495 nullis
248 1432 603 1497 castrorum
628 1430 1112 1530 expetitae-mie,
1146 1430 1450 1497 comitate
1474 1451 1634 1515 qua-

86 1548 197 1607 dam
216 1547 479 1611 curandi
496 1546 901 1631 provinciam
916 1545 1150 1611 tenuit.
1190 1543 1638 1627 DidicereJ‘am

83 1658 287 1719 barbari
303 1678 567 1742 quoque
596 1656 941 1742 ignoscere,
955 1656 1130 1724 vitiis
1139 1656 1642 1724 blandientibusz

49 1768 139 1831 ·&
184 1771 575 1839 interventus
614 1772 911 1839 civilium
965 1790 1290 1837 armorum
1347 1771 1644 1855 praebuit

87 1881 265 1962 justam
292 1884 599 1969 segnitiae
630 1884 1124 1952 excusationem.
1179 1878 1309 1950 Sed
1333 1884 1644 1950 discordia

88 1996 401 2064 laboratum
422 2045 441 2076 ,
474 2021 626 2065 cum
654 1999 957 2064 adsuetus
980 1997 1492 2083 expeditionibus
1521 2001 1644 2064 mi-

92 2110 165 2170 les
193 2111 307 2174 otio
332 2113 678 2182 lasciviret.
754 2111 1150 2189 Trebellius»,
1193 2111 1342 2194 suga
1374 2131 1450 2176 ac
1479 2112 1640 2180 late-

90 2222 193 2285 bris
217 2226 405 2290 vitata
426 2227 753 2292 exercitus
778 2226 871 2290 ira
888 2271 908 2303 ,
951 2225 1294 2290 indecorus
1311 2235 1506 2308 atque
1518 2229 1642 2290 hu-

49 2337 51 2344 '
96 2335 260 2413 milis,
288 2343 577 2422 precario
608 2361 759 2404 mox
789 2337 1102 2433 praefuit:
1138 2357 1214 2402 ac
1243 2339 1426 2404 velut
1449 2339 1644 2424 pasti,

51 2499 53 2504 .
96 2452 369 2515 exercitus
402 2455 731 2519 licentiam
752 2499 774 2530 ,
819 2454 949 2517 dux
986 2451 1275 2517 salutem.
1343 2449 1526 2518 Haec
1554 2453 1644 2518 se-

98 2561 224 2624 ditio
245 2561 365 2630 fine
392 2566 700 2650 sanguine
730 2563 921 2630 stetit.
996 2563 1138 2630 Nec
1165 2562 1430 2632 Vettius
1457 2566 1647 2632 Bola-

99 2692 229 2751 nus,
264 2680 667 2747 manentibus
696 2677 905 2744 adhuc
938 2679 1234 2744 civilibus
1259 2679 1479 2757 bellis,
1515 2681 1652 2763 agi·

100 2789 231 2852 tavit
272 2793 667 2858 Britanniam
710 2791 1057 2880 disciplina.
1145 2791 1386 2857 Eadem
1425 2793 1656 2858 inertia
1731 2869 1742 2878 ‚

107 2921 227 2982 erga
260 2905 465 2972 hostes
505 2954 525 2985 ,
600 2904 821 2971 fimilis
865 2906 1223 2990 petulantia
1263 2905 1648 2970 castrorum:

104 3011 197 3075 nifi
230 3001 407 3100 quod'
439 3021 747 3085 innocens
788 3019 1064 3086 Bolanus
1091 3063 1112 3096 ,
1172 3015 1242 3082 ὅτ
1267 3017 1462 3081 nullis
1501 3019 1658 3083 deli-

112 3121 203 3189 ffls
226 3129 451 3199 invisus
464 3179 485 3212 ,
534 3133 867 3198 caritatem
892 3140 1228 3214 paraverat
1254 3130 1398 3196 loco
1429 3129 1656 3198 austo-

114 3238 301 3308 tatutis.
