2117 3875
463 2 620 7 ——-—--
781 0 1653 10 W-——w—-v-——wq—--

192 242 640 316 DIALOGVS
686 242 805 311 DE
846 240 1418 315 ORAToRmvs
1527 268 1658 335 109

89 442 338 509 cumque
380 424 585 490 aliam
640 423 929 507 speciem.
965 423 1334 507 eloquentia
1373 423 1610 489 habeat
1631 469 1660 505 ,

86 541 571 625 anteponendam
592 514 828 602 ceteris
858 536 1130 601 aiiarum
1164 537 1406 601 artium
1440 534 1663 603 studiis

86 657 243 734 credo
278 675 299 717 ι
358 652 476 717 sed
516 660 741 716 tecum
787 650 977 727 mihi,
1022 650 1316 717 Materne
1334 698 1355 727 ‚
1399 670 1504 715 res
1535 649 1662 729 est,

87 772 259 855 quod,
308 787 463 831 cum
494 774 739 831 natura
771 773 885 829 tua
931 764 1001 829 in
1038 764 1240 849 ipsam
1276 782 1493 829 arcem
1529 764 1666 829 elo-

80 882 357 969 quentiae
378 882 563 945 ferat
582 926 603 959 ‚
648 898 867 944 errare
892 879 1100 945 mavis
1116 923 1137 956 ,
1185 877 1526 943 &summa
1551 879 1668 943 ad-

81 1006 279 1080 eptus,
326 996 397 1059 in
430 994 787 1067 levioribus
822 990 1118 1057 subsistis.
1173 991 1264 1057 Ut
1289 988 1338 1055 fi
1365 992 1434 1055 in
1459 990 1668 1057 Grae·

84 1112 168 1175 cia
194 1106 587 1198 natus-effea
619 1152 640 1185 ,
702 1108 815 1173 ubi
862 1107 1140 1171 ludicras
1195 1124 1454 1189 quoque
1491 1112 1665 1172 artes

82 1241 355 1289 exercere
386 1218 734 1287 honestum
764 1220 855 1285 est
871 1266 893 1298 ‚
936 1224 1017 1285 ac‘
1040 1218 1530 1286 tibiNicostrati
1557 1239 1670 1285 ro-

86 1340 188 1405 bur
222 1354 295 1400 ac
337 1335 517 1401 vires
560 1334 651 1399 dii
688 1330 997 1399 dediffent
1013 1378 1034 1412 ,
1080 1352 1212 1399 non
1244 1342 1499 1419 paterer
1541 1334 1668 1399 im-

86 1470 285 1516 manes
314 1450 473 1515 illos
498 1450 579 1513 ad
606 1466 891 1533 pugnam
926 1450 1109 1513 datos
1142 1448 1456 1527 inmeritos,
1501 1449 1669 1515 levi·-

67 1572 205 1629 .tate
222 1565 415 1648 jaculi
444 1573 561 1626 aut
581 1560 761 1645 jastu
791 1560 943 1625 disci
963 1560 1334 1629 vanescere:
1381 1561 1670 1629 flemme

92 1685 151 1744 te
172 1680 239 1743 ab
266 1675 615 1743 auditoriis
649 1674 718 1741 &
757 1676 1057 1753 theatriS,
1102 1675 1170 1739 in
1217 1676 1434 1740 forum
1481 1676 1550 1740 ὅ(
1588 1676 1672 1741 ad

96 1768 283 1863 causas
312 1791 384 1857 δε
416 1793 501 1855 ad
525 1810 675 1855 vera
694 1788 941 1873 proelia
972 1808 1170 1853 voco:
1219 1808 1364 1851 cum
1392 1787 1674 1871 praeser-

98 1906 195 1968 tim
220 1926 299 1970 ne
324 1907 409 1970 ad
434 1904 503 1970 id
530 1904 797 1988 quidem
824 1902 1206 1986 consurgere
1229 1898 1416 1988 poffis
1435 1949 1455 1980 ,
1501 1902 1675 1986 quod

96 2019 391 2102 plerisque
429 2019 909 2101 patrocinatur,
950 2025 1280 2100 tamquam
1308 2018 1526 2082 minus
1559 2018 1677 2082 ob-

99 2133 339 2198 noxium
382 2129 465 2198 fit
499 2128 825 2198 offendere
854 2137 1238 2215 poetarum,
1283 2149 1481 2215 quam
1529 2147 1678 2197 ora-

97 2252 287 2312 torum
334 2247 640 2312 studium.
730 2243 1104 2310 Effervescit
1147 2245 1320 2310 enim
1377 2245 1476 2310 vis
1534 2247 1680 2328 pul-

104 2360 433 2426 cherrimae
476 2368 747 2424 naturae
788 2368 981 2444 tuaea
1022 2378 1141 2422 nec
1173 2379 1292 2442 pro
1319 2357 1528 2422 amico
1557 2359 1677 2420 ali·
1793 2404 1800 2421 .

107 2491 249 2556 quo,
288 2472 430 2551 sed,
462 2473 635 2556 quod
671 2468 1092 2556 periculofius
1127 2469 1216 2536 est
1235 2517 1257 2549 ‚
1299 2491 1414 2556 pro
1435 2470 1680 2536 Catone

106 2585 347 2661 offendis
370 2609 393 2652 t
440 2606 561 2652 nec
596 2586 936 2652 excusatur
968 2583 1204 2649 offensa
1227 2581 1685 2650 neceffitudine

110 2698 318 2779 officii,
364 2709 479 2765 aut
520 2697 651 2764 fide
693 2697 1132 2764 advocationis
1160 2745 1182 2776 ,
1227 2706 1342 2762 aut
1375 2701 1685 2764 fortuitae

109 2809 169 2876 ὅ(
192 2811 763 2880 subitae,difflonis
798 2813 1079 2895 impetu:
1126 2812 1475 2878 meditatus
1506 2812 1689 2877 vide-

111 2925 185 2988 ris
212 2927 457 3010 elegifi'e
490 2921 823 3010 personam
856 2925 1234 3003 notabilem,
1283 2923 1353 2990 &
1389 2941 1536 2989 cum
1567 2943 1688 2986 au-

118 3034 385 3108 &oritate
414 3035 757 3104 dicturam.
826 3035 1069 3104 ”Sentio
1090 3085 1110 3114 ‚
1143 3038 1298 3120 quid
1330 3036 1694 3118 responderi

115 3149 319 3231 poffit:
362 3154 514 3218 hinc
548 3153 843 3235 ingentes
872 3175 953 3216 ex
978 3152 1082 3216 his
1109 3147 1420 3224 adsensus,
1453 3147 1602 3211 hinc
1621 3149 1692 3212 in

118 3261 240 3346 ipfis
286 3243 621 3350 auditoriis
665 3265 1010 3348 praecipue
1046 3261 1312 3328 -laudari
1342 3307 1361 3338 ‚
1422 3259 1494 3326 ὅτ
1543 3283 1696 3327 mox

124 3378 391 3448 emnium
414 3378 807 3451 sermonibus
834 3375 1013 3448 ferri.
1060 3375 1266 3444 *Tolle
1287 3374 1488 3460 igitur
1511 3375 1697 3460 quie·
