2117 3875
421 248 1259 325 ,AGRICOLA
1591 270 1677 339 51

110 444 256 489 mum
299 423 702 506 domumque
749 424 890 507 ejus
928 424 1201 491 adflixit.
1266 421 1437 489 Nam
1476 425 1679 491 claflis

110 536 432 601 Othoniana
452 582 472 612 ,
521 538 798 601 licenter
835 558 995 620 vaga
1023 584 1042 615 ,
1106 540 1262 603 dum
1302 538 1677 607 Intemelios

107 649 415 731 (Liguriae
443 668 602 732 pars
631 650 768 735 est)
801 648 1109 725 hostiliter
1132 650 1509 735 populatur,
1536 672 1677 717 ma-

104 771 236 827 trem
273 761 624 843 Agricolae
680 765 748 827 in
785 764 1060 847 praediis
1116 763 1251 827 suis
1300 764 1627 835 interfecit
1650 786 1671 829 ε

101 875 452 958 praediaque
489 876 662 959 ipsa,
711 874 780 941 ὅτ
813 895 1109 958 magnam
1132 876 1502 960 patrimonii
1526 896 1677 961 par·
1720 876 1727 887 “

103 997 202 1050 tem
227 987 528 1069 diripuit,
578 1007 748 1072 quae
777 990 966 1055 causa
985 991 1205 1071 *caedis
1236 992 1465 1053 fuerat.
1536 990 1675 1073 Igi-
1754 1006 1765 1019 ⁵

99 1107 178 1163 tur
214 1100 288 1163 ad
315 1100 656 1164 sollemnia
681 1102 940 1191 pietatis
975 1098 1301 1185 profestos
1326 1100 1665 1185 Agricola,
1688 1148 1695 1157 -

95 1214 284 1275 nuntio
323 1211 618 1277 affeEtati
660 1234 698 1277 a
735 1212 1399 1299 Vespasiano—imperii
1441 1206 1665 1299 depre-

42 1310 43 1316 '
94 1324 322 1401 hensuS,
367 1328 446 1389 ac
489 1327 707 1413 statim
743 1329 810 1390 in
851 1336 1062 1413 partes
1106 1326 1515 1410 transgress'us
1550 1326 1662 1393 est.

93 1437 256 1500 initia
279 1440 714 1523 principatuS,
761 1460 838 1503 ac
864 1440 1093 1505 statum
1120 1440 1305 1505 Urbis
1324 1441 1663 1507 Mucianus
1718 1498 1725 1503 .

95 1552 319 1629 regebat
361 1555 722 1617 admodum
755 1554 990 1635 juvene
1029 1554 1431 1629 Domitiano,
1478 1550 1545 1617 &
1582 1574 1664 1617 ex

95 1670 324 1743 paterna
361 1666 630 1731 fortuna
663 1674 916 1729 tantum
947 1666 1273 1730 licentiam
1296 1665 1666 1747 usurpante.

93 1774 146 1837 Is
183 1774 424 1841 miffum
480 1781 586 1851 ad
607 1778 894 1843 delectus
933 1780 1214 1859 agendos
1255 1777 1623 1859 Agricolam
1642 1822 1693 1853 ,.

95 1886 434 1974 integreque
485 1911 564 1956 ac
605 1891 864 1958 strenue
909 1890 1225 1956 versatum
1253 1936 1293 1979 ,ἱ
1330 1886 1697 1960 vicefimae.

96 2000 336 2082 legioni,
376 2007 567 2068 tarde
607 2008 687 2069 ad
729 2003 1201 2068 sacramentum
1234 2002 1697 2086 transgrefl'ae„

100 2115 470 2198 praeposuit,
519 2117 628 2181 ubi
659 2117 938 2184 decessor
971 2116 1255 2183 seditiose
1288 2135 1478 2198 agere
1512 2135 1665 2182 nar-

99 2227 354 2293 rabatur:
401 2231 648 2314 quippe
682 2231 908 2312 legatis
937 2249 1195 2313 quoque
1224 2227 1663 2294 consularibus

101 2337 270 2403 nimia
298 2361 374 2406 ac
397 2344 806 2407 formidolosa
830 2351 989 2406 erat.
1036 2341 1175 2406 Nec
1200 2342 1452 2426 legatus
1479 2361 1665 2425 prae·-

40 2469 42 2474 ·
100 2453 276 2516 torius
303 2457 385 2518 ad
413 2455 847 2520 cohibendum
869 2463 1099 2538 potens
1119 2500 1138 2531 ,
1168 2455 1521 2531 incertum,
1554 2454 1664 2518 suo
1692 2504 1697 2517 .

103 2579 172 2625 an
204 2567 476 2633 militum
517 2568 776 2651 ingenio
810 2588 829 2632 :
894 2566 986 2631 ita
1028 2565 1333 2632 succefl'or
1354 2555 1549 2632 ‘fimul
1593 2565 1667 2634 δε

105 2674 252 2740 ultor
293 2679 535 2770 eleflqus
553 2728 572 2758 ,
623 2677 926 2745 rariflima
957 2659 1405 2760 ruoderatione
1437 2681 1669 2746 maluit

105 2786 281 2856 videri
309 2793 616 2860 invenifl'e
651 2795 887 2869 bonoS,
933 2811 1130 2876 quam
1154 2791 1389 2858 fecifl‘e.
1534 2787 1540 2792 ’

217 2907 301 2964 Ibi
341 2912 572 2969 alienae
591 2908 802 2988 famae
839 2927 982 2969 cura
1000 2909 1181 2985 suam
1211 2923 1543 2983 promovet.
1644 2897 1665 2908 ”

182 3008 397 3084 VIII.
466 3019 766 3084 Praeerat
807 3025 962 3080 tunc
1003 3018 1373 3082 Britanniae
1405 3013 1675 3080 Vettius

117 3121 364 3203 Bolanus
390 3177 410 3207 ,
464 3131 776 3215 placidius
801 3176 820 3206 ,
867 3148 1065 3211 quam
1100 3129 1302 3192 feroci
1348 3127 1701 3210 provincia..

121 3235 494 3318 dignum-est.
542 3243 956 3326 Temperavit
981 3241 1283 3322 Agricola
1316 3238 1445 3306 vim
1474 3239 1676 3317 suam,

123 3352 510 3441 ardoremque
529 3355 922 3446 compescuit
935 3375 1055 3437 ,ne
1072 3353 1447 3441 incresceret
1461 3376 1479 3430 ;
1510 3353 1681 3438 peri-
1696 3393 1711 3426 ‚-

1343 3466 1404 3534 D
1448 3485 1489 3533 2
