<?xml version="1.0" encoding="UTF-8"?>
<!DOCTYPE html PUBLIC "-//W3C//DTD XHTML 1.0 Transitional//EN"
    "http://www.w3.org/TR/xhtml1/DTD/xhtml1-transitional.dtd">
<html xmlns="http://www.w3.org/1999/xhtml" xml:lang="en" lang="en">
 <head>
  <title>
</title>
<meta http-equiv="Content-Type" content="text/html;charset=utf-8" />
  <meta name='ocr-system' content='tesseract 3.04.00' />
  <meta name='ocr-capabilities' content='ocr_page ocr_carea ocr_par ocr_line ocrx_word'/>
</head>
<body>
  <div class='ocr_page' id='page_1' title='image "./ccorneliitactio01brotgoog_0049.png"; bbox 0 0 2117 3875; ppageno 0'>
   <div class='ocr_carea' id='block_1_1' title="bbox 497 210 1683 303">
    <p class='ocr_par' dir='ltr' id='par_1_1' title="bbox 497 210 1683 303">
     <span class='ocr_line' id='line_1_1' title="bbox 497 210 1683 303; baseline 0.001 -21"><span class='ocrx_word' id='word_1_1' title='bbox 497 210 1269 284; x_wconf 78' lang='lat' dir='ltr'>GERMANIA</span> <span class='ocrx_word' id='word_1_2' title='bbox 1592 233 1683 303; x_wconf 73' lang='lat'>39·</span> 
     </span>
    </p>
   </div>
   <div class='ocr_carea' id='block_1_2' title="bbox 55 387 1681 3311">
    <p class='ocr_par' dir='ltr' id='par_1_2' title="bbox 55 387 1681 1723">
     <span class='ocr_line' id='line_1_2' title="bbox 75 387 1681 481; baseline 0.001 -28"><span class='ocrx_word' id='word_1_3' title='bbox 75 389 222 453; x_wconf 80' lang='lat' dir='ltr'>illos</span> <span class='ocrx_word' id='word_1_4' title='bbox 249 387 318 454; x_wconf 74' lang='grc' dir='ltr'>δε</span> <span class='ocrx_word' id='word_1_5' title='bbox 345 388 580 472; x_wconf 83' lang='lat' dir='ltr'>opibus</span> <span class='ocrx_word' id='word_1_6' title='bbox 605 389 854 453; x_wconf 73' lang='lat' dir='ltr'>hono-32</span> <span class='ocrx_word' id='word_1_7' title='bbox 902 410 1111 473; x_wconf 85' lang='lat' dir='ltr'>eoque</span> <span class='ocrx_word' id='word_1_8' title='bbox 1132 409 1305 481; x_wconf 65' lang='lat' dir='ltr'>unus</span> <span class='ocrx_word' id='word_1_9' title='bbox 1330 390 1681 475; x_wconf 68' lang='lat' dir='ltr'>imperitat,</span> 
     </span>
     <span class='ocr_line' id='line_1_3' title="bbox 73 501 1679 589; baseline 0.002 -24"><span class='ocrx_word' id='word_1_10' title='bbox 73 502 270 566; x_wconf 80' lang='lat' dir='ltr'>nullis</span> <span class='ocrx_word' id='word_1_11' title='bbox 300 501 433 583; x_wconf 78' lang='lat' dir='ltr'>jam</span> <span class='ocrx_word' id='word_1_12' title='bbox 467 502 963 585; x_wconf 19' lang='lat' dir='ltr'>*exceptionibus</span> <span class='ocrx_word' id='word_1_13' title='bbox 980 548 1002 580; x_wconf 93' lang='lat'>‚</span> <span class='ocrx_word' id='word_1_14' title='bbox 1049 522 1179 567; x_wconf 86' lang='lat' dir='ltr'>non</span> <span class='ocrx_word' id='word_1_15' title='bbox 1214 504 1501 589; x_wconf 81' lang='lat' dir='ltr'>precario</span> <span class='ocrx_word' id='word_1_16' title='bbox 1528 503 1679 587; x_wconf 76' lang='lat' dir='ltr'>iure</span> 
     </span>
     <span class='ocr_line' id='line_1_4' title="bbox 69 615 1675 701; baseline 0.001 -22"><span class='ocrx_word' id='word_1_17' title='bbox 69 615 385 699; x_wconf 86' lang='lat' dir='ltr'>parendi.</span> <span class='ocrx_word' id='word_1_18' title='bbox 447 634 572 680; x_wconf 83' lang='lat' dir='ltr'>nec</span> <span class='ocrx_word' id='word_1_19' title='bbox 613 634 792 679; x_wconf 79' lang='lat' dir='ltr'>arma</span> <span class='ocrx_word' id='word_1_20' title='bbox 805 658 826 693; x_wconf 86' lang='lat'>,</span> <span class='ocrx_word' id='word_1_21' title='bbox 880 624 958 679; x_wconf 89' lang='lat' dir='ltr'>ut</span> <span class='ocrx_word' id='word_1_22' title='bbox 999 619 1177 701; x_wconf 78' lang='lat' dir='ltr'>apud</span> <span class='ocrx_word' id='word_1_23' title='bbox 1217 625 1471 681; x_wconf 86' lang='lat' dir='ltr'>eeteros</span> <span class='ocrx_word' id='word_1_24' title='bbox 1510 615 1675 683; x_wconf 88' lang='lat' dir='ltr'>Ger-</span> 
     </span>
     <span class='ocr_line' id='line_1_5' title="bbox 69 728 1677 839; baseline 0.002 -48"><span class='ocrx_word' id='word_1_25' title='bbox 69 748 334 804; x_wconf 74' lang='lat' dir='ltr'>manoS,</span> <span class='ocrx_word' id='word_1_26' title='bbox 381 728 452 791; x_wconf 88' lang='lat' dir='ltr'>in</span> <span class='ocrx_word' id='word_1_27' title='bbox 483 728 876 839; x_wconf 61' lang='lat' dir='ltr'>promisquo,</span> <span class='ocrx_word' id='word_1_28' title='bbox 921 728 1027 794; x_wconf 86' lang='lat' dir='ltr'>sed</span> <span class='ocrx_word' id='word_1_29' title='bbox 1065 728 1281 795; x_wconf 81' lang='lat' dir='ltr'>clausa</span> <span class='ocrx_word' id='word_1_30' title='bbox 1316 730 1431 795; x_wconf 91' lang='lat' dir='ltr'>sub</span> <span class='ocrx_word' id='word_1_31' title='bbox 1468 728 1677 795; x_wconf 82' lang='lat' dir='ltr'>custo-</span> 
     </span>
     <span class='ocr_line' id='line_1_6' title="bbox 165 820 1677 926; baseline 0.003 -21.188"><span class='ocrx_word' id='word_1_32' title='bbox 165 840 308 918; x_wconf 86' lang='lat'>,&amp;</span> <span class='ocrx_word' id='word_1_33' title='bbox 349 842 614 925; x_wconf 86' lang='lat' dir='ltr'>quidem</span> <span class='ocrx_word' id='word_1_34' title='bbox 655 820 880 906; x_wconf 57' lang='lat' dir='ltr'>servo·</span> <span class='ocrx_word' id='word_1_35' title='bbox 937 842 1089 926; x_wconf 73' lang='lat' dir='ltr'>quia</span> <span class='ocrx_word' id='word_1_36' title='bbox 1121 843 1359 909; x_wconf 80' lang='lat' dir='ltr'>subitos</span> <span class='ocrx_word' id='word_1_37' title='bbox 1398 842 1677 909; x_wconf 71' lang='lat' dir='ltr'>hostium</span> 
     </span>
     <span class='ocr_line' id='line_1_7' title="bbox 64 954 1677 1040; baseline 0.001 -21"><span class='ocrx_word' id='word_1_38' title='bbox 64 954 368 1019; x_wconf 85' lang='lat' dir='ltr'>incursus</span> <span class='ocrx_word' id='word_1_39' title='bbox 411 955 706 1039; x_wconf 84' lang='lat' dir='ltr'>prohibet</span> <span class='ocrx_word' id='word_1_40' title='bbox 739 954 1069 1021; x_wconf 77' lang='lat' dir='ltr'><strong>Oceanus.</strong></span> <span class='ocrx_word' id='word_1_41' title='bbox 1176 956 1435 1022; x_wconf 63' lang='lat' dir='ltr'>otiosae</span> <span class='ocrx_word' id='word_1_42' title='bbox 1478 974 1677 1040; x_wconf 86' lang='lat' dir='ltr'>porro</span> 
     </span>
     <span class='ocr_line' id='line_1_8' title="bbox 61 1068 1673 1135; baseline 0.001 -3"><span class='ocrx_word' id='word_1_43' title='bbox 61 1076 471 1133; x_wconf 76' lang='lat' dir='ltr'>armatorum</span> <span class='ocrx_word' id='word_1_44' title='bbox 507 1086 735 1133; x_wconf 80' lang='lat' dir='ltr'>manus</span> <span class='ocrx_word' id='word_1_45' title='bbox 779 1068 973 1135; x_wconf 83' lang='lat' dir='ltr'>facile</span> <span class='ocrx_word' id='word_1_46' title='bbox 1013 1068 1372 1135; x_wconf 74' lang='lat' dir='ltr'>lasciviunt.</span> <span class='ocrx_word' id='word_1_47' title='bbox 1442 1068 1673 1134; x_wconf 84' lang='lat' dir='ltr'>Enim·</span> 
     </span>
     <span class='ocr_line' id='line_1_9' title="bbox 61 1182 1673 1267; baseline 0.001 -20"><span class='ocrx_word' id='word_1_48' title='bbox 61 1202 216 1247; x_wconf 83' lang='lat' dir='ltr'>vero</span> <span class='ocrx_word' id='word_1_49' title='bbox 261 1202 478 1265; x_wconf 86' lang='lat' dir='ltr'>neque</span> <span class='ocrx_word' id='word_1_50' title='bbox 519 1182 798 1247; x_wconf 86' lang='lat' dir='ltr'>nobilem</span> <span class='ocrx_word' id='word_1_51' title='bbox 819 1228 842 1259; x_wconf 93' lang='lat'><strong>,</strong></span> <span class='ocrx_word' id='word_1_52' title='bbox 885 1197 1099 1267; x_wconf 86' lang='lat' dir='ltr'>neque</span> <span class='ocrx_word' id='word_1_53' title='bbox 1144 1183 1501 1265; x_wconf 82' lang='lat' dir='ltr'>ingenuum</span> <span class='ocrx_word' id='word_1_54' title='bbox 1522 1228 1542 1259; x_wconf 93' lang='lat'><strong>,</strong></span> <span class='ocrx_word' id='word_1_55' title='bbox 1586 1201 1673 1249; x_wconf 79' lang='lat' dir='ltr'>ne</span> 
     </span>
     <span class='ocr_line' id='line_1_10' title="bbox 55 1295 1674 1381; baseline 0.001 -22"><span class='ocrx_word' id='word_1_56' title='bbox 55 1296 437 1359; x_wconf 84' lang='lat' dir='ltr'>libertinum</span> <span class='ocrx_word' id='word_1_57' title='bbox 495 1295 760 1379; x_wconf 80' lang='lat' dir='ltr'>quidem</span> <span class='ocrx_word' id='word_1_58' title='bbox 801 1297 998 1361; x_wconf 76' lang='lat' dir='ltr'>armis</span> <span class='ocrx_word' id='word_1_59' title='bbox 1046 1316 1443 1381; x_wconf 82' lang='lat' dir='ltr'>praeponere</span> <span class='ocrx_word' id='word_1_60' title='bbox 1496 1295 1674 1379; x_wconf 67' lang='lat' dir='ltr'>regin</span> 
     </span>
     <span class='ocr_line' id='line_1_11' title="bbox 58 1406 467 1473; baseline 0 0"><span class='ocrx_word' id='word_1_61' title='bbox 58 1408 310 1473; x_wconf 78' lang='lat' dir='ltr'>utilitas</span> <span class='ocrx_word' id='word_1_62' title='bbox 353 1406 467 1473; x_wconf 84' lang='lat' dir='ltr'>est.</span> 
     </span>
     <span class='ocr_line' id='line_1_12' title="bbox 97 1530 1624 1611; baseline 0.001 -21"><span class='ocrx_word' id='word_1_63' title='bbox 97 1532 288 1591; x_wconf 79' lang='lat' dir='ltr'>Mare</span> <span class='ocrx_word' id='word_1_64' title='bbox 321 1533 592 1609; x_wconf 74' lang='lat' dir='ltr'>pigrum.</span> <span class='ocrx_word' id='word_1_65' title='bbox 639 1535 826 1610; x_wconf 80' lang='lat' dir='ltr'>Aestii</span> <span class='ocrx_word' id='word_1_66' title='bbox 849 1533 1155 1611; x_wconf 77' lang='lat' dir='ltr'>succinum</span> <span class='ocrx_word' id='word_1_67' title='bbox 1190 1534 1411 1611; x_wconf 70' lang='lat' dir='ltr'>legum.</span> <span class='ocrx_word' id='word_1_68' title='bbox 1460 1530 1624 1593; x_wconf 79' lang='lat' dir='ltr'>Sito-</span> 
     </span>
     <span class='ocr_line' id='line_1_13' title="bbox 390 1614 1357 1723; baseline 0 -20"><span class='ocrx_word' id='word_1_69' title='bbox 390 1662 530 1716; x_wconf 79' lang='lat' dir='ltr'>nes,</span> <span class='ocrx_word' id='word_1_70' title='bbox 571 1645 778 1722; x_wconf 77' lang='lat' dir='ltr'>quibus</span> <span class='ocrx_word' id='word_1_71' title='bbox 807 1643 1040 1723; x_wconf 75' lang='lat' dir='ltr'>femina</span> <span class='ocrx_word' id='word_1_72' title='bbox 1072 1614 1357 1723; x_wconf 42' lang='lat' dir='ltr'>sinpern-</span> 
     </span>
    </p>

    <p class='ocr_par' dir='ltr' id='par_1_3' title="bbox 60 1750 1679 3311">
     <span class='ocr_line' id='line_1_14' title="bbox 146 1750 1675 1836; baseline 0.003 -19"><span class='ocrx_word' id='word_1_73' title='bbox 146 1751 212 1817; x_wconf 92' lang='lat' dir='ltr'>X</span> <span class='ocrx_word' id='word_1_74' title='bbox 229 1750 390 1819; x_wconf 89' lang='lat' dir='ltr'>LV.</span> <span class='ocrx_word' id='word_1_75' title='bbox 437 1752 654 1821; x_wconf 80' lang='lat' dir='ltr'>Trans</span> <span class='ocrx_word' id='word_1_76' title='bbox 669 1752 948 1819; x_wconf 82' lang='lat' dir='ltr'>Suionas</span> <span class='ocrx_word' id='word_1_77' title='bbox 983 1754 1157 1819; x_wconf 82' lang='lat' dir='ltr'>aliud</span> <span class='ocrx_word' id='word_1_78' title='bbox 1186 1772 1363 1818; x_wconf 80' lang='lat' dir='ltr'>mare</span> <span class='ocrx_word' id='word_1_79' title='bbox 1395 1752 1675 1836; x_wconf 71' lang='lat' dir='ltr'>pigrum,</span> 
     </span>
     <span class='ocr_line' id='line_1_15' title="bbox 61 1852 1675 1953; baseline -0.002 -22"><span class='ocrx_word' id='word_1_80' title='bbox 61 1887 136 1931; x_wconf 81' lang='lat' dir='ltr'>ac</span> <span class='ocrx_word' id='word_1_81' title='bbox 162 1887 368 1953; x_wconf 83' lang='lat' dir='ltr'>prope</span> <span class='ocrx_word' id='word_1_82' title='bbox 395 1868 744 1933; x_wconf 81' lang='lat' dir='ltr'>immotum</span> <span class='ocrx_word' id='word_1_83' title='bbox 761 1914 784 1946; x_wconf 93' lang='lat'><strong><em>,</em></strong></span> <span class='ocrx_word' id='word_1_84' title='bbox 817 1852 958 1953; x_wconf 79' lang='lat' dir='ltr'>=quo</span> <span class='ocrx_word' id='word_1_85' title='bbox 996 1866 1169 1952; x_wconf 80' lang='lat' dir='ltr'><strong>cingi</strong></span> <span class='ocrx_word' id='word_1_86' title='bbox 1210 1866 1510 1950; x_wconf 84' lang='lat' dir='ltr'>cludique</span> <span class='ocrx_word' id='word_1_87' title='bbox 1542 1864 1675 1928; x_wconf 67' lang='lat' dir='ltr'>ter·</span> 
     </span>
     <span class='ocr_line' id='line_1_16' title="bbox 61 1981 1675 2065; baseline -0.001 -21"><span class='ocrx_word' id='word_1_88' title='bbox 61 2001 284 2046; x_wconf 82' lang='lat' dir='ltr'>rarum</span> <span class='ocrx_word' id='word_1_89' title='bbox 313 1983 540 2048; x_wconf 87' lang='lat' dir='ltr'>orbem</span> <span class='ocrx_word' id='word_1_90' title='bbox 569 1983 720 2047; x_wconf 87' lang='lat' dir='ltr'>hinc</span> <span class='ocrx_word' id='word_1_91' title='bbox 754 1981 918 2047; x_wconf 78' lang='lat' dir='ltr'>fides</span> <span class='ocrx_word' id='word_1_92' title='bbox 937 2029 977 2060; x_wconf 90' lang='lat'>‚.</span> <span class='ocrx_word' id='word_1_93' title='bbox 1003 1983 1176 2065; x_wconf 87' lang='lat' dir='ltr'>quod</span> <span class='ocrx_word' id='word_1_94' title='bbox 1208 1989 1533 2045; x_wconf 72' lang='lat' dir='ltr'>extremus</span> <span class='ocrx_word' id='word_1_95' title='bbox 1564 1995 1675 2056; x_wconf 58' lang='lat' dir='ltr'>cap·</span> 
     </span>
     <span class='ocr_line' id='line_1_17' title="bbox 60 2093 1673 2179; baseline -0.001 -19"><span class='ocrx_word' id='word_1_96' title='bbox 60 2095 272 2160; x_wconf 83' lang='lat' dir='ltr'>dentis</span> <span class='ocrx_word' id='word_1_97' title='bbox 311 2096 447 2178; x_wconf 80' lang='lat' dir='ltr'>jam</span> <span class='ocrx_word' id='word_1_98' title='bbox 481 2096 628 2160; x_wconf 82' lang='lat' dir='ltr'>solis</span> <span class='ocrx_word' id='word_1_99' title='bbox 659 2097 872 2179; x_wconf 83' lang='lat' dir='ltr'>fulgor</span> <span class='ocrx_word' id='word_1_100' title='bbox 913 2096 984 2160; x_wconf 87' lang='lat' dir='ltr'>in</span> <span class='ocrx_word' id='word_1_101' title='bbox 1020 2103 1203 2159; x_wconf 79' lang='lat' dir='ltr'>ortus</span> <span class='ocrx_word' id='word_1_102' title='bbox 1243 2095 1475 2158; x_wconf 85' lang='lat' dir='ltr'>edurat</span> <span class='ocrx_word' id='word_1_103' title='bbox 1492 2138 1511 2169; x_wconf 92' lang='lat'><strong>,</strong></span> <span class='ocrx_word' id='word_1_104' title='bbox 1559 2093 1673 2158; x_wconf 80' lang='lat' dir='ltr'><strong>ad·-</strong></span> 
     </span>
     <span class='ocr_line' id='line_1_18' title="bbox 61 2205 1671 2288; baseline -0.002 -16"><span class='ocrx_word' id='word_1_105' title='bbox 61 2231 140 2272; x_wconf 90' lang='lat' dir='ltr'>eo</span> <span class='ocrx_word' id='word_1_106' title='bbox 175 2209 396 2274; x_wconf 82' lang='lat' dir='ltr'>clarus</span> <span class='ocrx_word' id='word_1_107' title='bbox 414 2256 438 2288; x_wconf 89' lang='lat'><strong>,</strong></span> <span class='ocrx_word' id='word_1_108' title='bbox 481 2217 558 2274; x_wconf 84' lang='lat' dir='ltr'>ut</span> <span class='ocrx_word' id='word_1_109' title='bbox 587 2207 792 2275; x_wconf 68' lang='lat' dir='ltr'>sidera</span> <span class='ocrx_word' id='word_1_110' title='bbox 819 2210 1103 2274; x_wconf 83' lang='lat' dir='ltr'>hebetet.</span> <span class='ocrx_word' id='word_1_111' title='bbox 1148 2205 1391 2272; x_wconf 85' lang='lat' dir='ltr'>Sonum</span> <span class='ocrx_word' id='word_1_112' title='bbox 1419 2205 1671 2288; x_wconf 86' lang='lat' dir='ltr'>insuper</span> 
     </span>
     <span class='ocr_line' id='line_1_19' title="bbox 65 2317 1677 2406; baseline -0.001 -22"><span class='ocrx_word' id='word_1_113' title='bbox 65 2324 458 2406; x_wconf 81' lang='lat' dir='ltr'>emergentis</span> <span class='ocrx_word' id='word_1_114' title='bbox 498 2323 752 2397; x_wconf 82' lang='lat' dir='ltr'>audiri,</span> <span class='ocrx_word' id='word_1_115' title='bbox 809 2321 1169 2405; x_wconf 81' lang='lat' dir='ltr'>formasque</span> <span class='ocrx_word' id='word_1_116' title='bbox 1216 2323 1490 2388; x_wconf 84' lang='lat' dir='ltr'>deorum</span> <span class='ocrx_word' id='word_1_117' title='bbox 1522 2364 1542 2394; x_wconf 90' lang='lat'><strong>,</strong></span> <span class='ocrx_word' id='word_1_118' title='bbox 1602 2317 1677 2382; x_wconf 88' lang='lat'>&amp;</span> 
     </span>
     <span class='ocr_line' id='line_1_20' title="bbox 63 2411 1675 2520; baseline -0.002 -22"><span class='ocrx_word' id='word_1_119' title='bbox 63 2437 274 2500; x_wconf 85' lang='lat' dir='ltr'>radios</span> <span class='ocrx_word' id='word_1_120' title='bbox 321 2436 554 2520; x_wconf 88' lang='lat' dir='ltr'>capitis</span> <span class='ocrx_word' id='word_1_121' title='bbox 599 2411 789 2520; x_wconf 50' lang='lat' dir='ltr'>{spici</span> <span class='ocrx_word' id='word_1_122' title='bbox 826 2433 1135 2519; x_wconf 71' lang='lat' dir='ltr'>persuasio</span> <span class='ocrx_word' id='word_1_123' title='bbox 1180 2433 1419 2514; x_wconf 78' lang='lat' dir='ltr'>adjicit.</span> <span class='ocrx_word' id='word_1_124' title='bbox 1506 2430 1675 2498; x_wconf 84' lang='lat' dir='ltr'>Illuc</span> 
     </span>
     <span class='ocr_line' id='line_1_21' title="bbox 63 2543 1675 2632; baseline -0.002 -20"><span class='ocrx_word' id='word_1_125' title='bbox 63 2548 258 2632; x_wconf 86' lang='lat' dir='ltr'>usque</span> <span class='ocrx_word' id='word_1_126' title='bbox 301 2547 422 2631; x_wconf 74' lang='grc' dir='ltr'>(ὅτ</span> <span class='ocrx_word' id='word_1_127' title='bbox 449 2551 624 2614; x_wconf 76' lang='lat' dir='ltr'>fama</span> <span class='ocrx_word' id='word_1_128' title='bbox 647 2549 848 2632; x_wconf 79' lang='lat' dir='ltr'>vera)</span> <span class='ocrx_word' id='word_1_129' title='bbox 892 2555 1151 2612; x_wconf 85' lang='lat' dir='ltr'>tantum</span> <span class='ocrx_word' id='word_1_130' title='bbox 1186 2555 1438 2610; x_wconf 85' lang='lat' dir='ltr'>natura.</span> <span class='ocrx_word' id='word_1_131' title='bbox 1498 2543 1675 2628; x_wconf 69' lang='lat' dir='ltr'>Ergo</span> 
     </span>
     <span class='ocr_line' id='line_1_22' title="bbox 63 2657 1679 2743; baseline -0.004 -19"><span class='ocrx_word' id='word_1_132' title='bbox 63 2660 188 2743; x_wconf 79' lang='lat' dir='ltr'>jam</span> <span class='ocrx_word' id='word_1_133' title='bbox 231 2664 462 2728; x_wconf 87' lang='lat' dir='ltr'>dextro</span> <span class='ocrx_word' id='word_1_134' title='bbox 508 2660 766 2726; x_wconf 87' lang='lat' dir='ltr'>Suevici</span> <span class='ocrx_word' id='word_1_135' title='bbox 813 2661 1009 2726; x_wconf 81' lang='lat' dir='ltr'>maris</span> <span class='ocrx_word' id='word_1_136' title='bbox 1066 2660 1279 2724; x_wconf 81' lang='lat' dir='ltr'>litore&gt;</span> <span class='ocrx_word' id='word_1_137' title='bbox 1298 2657 1679 2724; x_wconf 86' lang='lat' dir='ltr'>Aestiorum.</span> 
     </span>
     <span class='ocr_line' id='line_1_23' title="bbox 65 2762 1676 2857; baseline -0.002 -19"><span class='ocrx_word' id='word_1_138' title='bbox 65 2783 288 2856; x_wconf 83' lang='lat' dir='ltr'>gentes</span> <span class='ocrx_word' id='word_1_139' title='bbox 341 2775 730 2840; x_wconf 75' lang='lat' dir='ltr'>alluunturt</span> <span class='ocrx_word' id='word_1_140' title='bbox 798 2762 1030 2857; x_wconf 78' lang='lat' dir='ltr'>qu&#39;ibus</span> <span class='ocrx_word' id='word_1_141' title='bbox 1086 2773 1245 2836; x_wconf 85' lang='lat' dir='ltr'>ritus</span> <span class='ocrx_word' id='word_1_142' title='bbox 1296 2770 1676 2854; x_wconf 86' lang='lat' dir='ltr'>habitusque</span> 
     </span>
     <span class='ocr_line' id='line_1_24' title="bbox 70 2883 1677 2970; baseline -0.004 -18"><span class='ocrx_word' id='word_1_143' title='bbox 70 2885 469 2966; x_wconf 70' lang='lat' dir='ltr'>suevorum,</span> <span class='ocrx_word' id='word_1_144' title='bbox 513 2889 734 2970; x_wconf 80' lang='lat' dir='ltr'>liugua</span> <span class='ocrx_word' id='word_1_145' title='bbox 759 2886 1169 2954; x_wconf 80' lang='lat' dir='ltr'>Britannicae</span> <span class='ocrx_word' id='word_1_146' title='bbox 1196 2886 1478 2968; x_wconf 87' lang='lat' dir='ltr'>propior.</span> <span class='ocrx_word' id='word_1_147' title='bbox 1539 2883 1677 2946; x_wconf 82' lang='lat' dir='ltr'><strong>Ma·-</strong></span> 
     </span>
     <span class='ocr_line' id='line_1_25' title="bbox 73 2995 1674 3083; baseline -0.003 -20"><span class='ocrx_word' id='word_1_148' title='bbox 73 3013 230 3065; x_wconf 84' lang='lat' dir='ltr'>trem</span> <span class='ocrx_word' id='word_1_149' title='bbox 248 3001 446 3068; x_wconf 69' lang='lat' dir='ltr'>deum</span> <span class='ocrx_word' id='word_1_150' title='bbox 463 3011 847 3067; x_wconf 86' lang='lat' dir='ltr'>venerantur</span> <span class='ocrx_word' id='word_1_151' title='bbox 867 3021 885 3064; x_wconf 72' lang='grc' dir='ltr'><strong>ε</strong></span> <span class='ocrx_word' id='word_1_152' title='bbox 932 2997 1173 3083; x_wconf 84' lang='lat' dir='ltr'>infigne</span> <span class='ocrx_word' id='word_1_153' title='bbox 1190 2995 1674 3081; x_wconf 75' lang='lat' dir='ltr'>superstitionis„</span> 
     </span>
     <span class='ocr_line' id='line_1_26' title="bbox 71 3106 1677 3197; baseline -0.004 -19"><span class='ocrx_word' id='word_1_154' title='bbox 71 3115 309 3178; x_wconf 79' lang='lat' dir='ltr'>formas</span> <span class='ocrx_word' id='word_1_155' title='bbox 335 3130 642 3197; x_wconf 84' lang='lat' dir='ltr'>aprorum</span> <span class='ocrx_word' id='word_1_156' title='bbox 669 3113 932 3197; x_wconf 81' lang='lat' dir='ltr'>gestant.</span> <span class='ocrx_word' id='word_1_157' title='bbox 989 3113 1071 3178; x_wconf 89' lang='lat' dir='ltr'>Id</span> <span class='ocrx_word' id='word_1_158' title='bbox 1095 3131 1211 3196; x_wconf 88' lang='lat' dir='ltr'>pro</span> <span class='ocrx_word' id='word_1_159' title='bbox 1243 3111 1437 3174; x_wconf 83' lang='lat' dir='ltr'>armis</span> <span class='ocrx_word' id='word_1_160' title='bbox 1467 3106 1677 3173; x_wconf 83' lang='lat' dir='ltr'>omni-</span> 
     </span>
     <span class='ocr_line' id='line_1_27' title="bbox 77 3221 1677 3311; baseline -0.004 -19"><span class='ocrx_word' id='word_1_161' title='bbox 77 3247 194 3311; x_wconf 87' lang='lat' dir='ltr'>que</span> <span class='ocrx_word' id='word_1_162' title='bbox 241 3228 494 3294; x_wconf 75' lang='lat' dir='ltr'>tutelae</span> <span class='ocrx_word' id='word_1_163' title='bbox 557 3229 854 3293; x_wconf 83' lang='lat' dir='ltr'>securum</span> <span class='ocrx_word' id='word_1_164' title='bbox 904 3230 1060 3292; x_wconf 83' lang='lat' dir='ltr'>deae</span> <span class='ocrx_word' id='word_1_165' title='bbox 1108 3226 1424 3290; x_wconf 83' lang='lat' dir='ltr'>cultorem</span> <span class='ocrx_word' id='word_1_166' title='bbox 1476 3221 1677 3288; x_wconf 78' lang='lat' dir='ltr'>etiam</span> 
     </span>
    </p>
   </div>
   <div class='ocr_carea' id='block_1_3' title="bbox 1331 3334 1469 3419">
    <p class='ocr_par' dir='ltr' id='par_1_4' title="bbox 1331 3334 1469 3419">
     <span class='ocr_line' id='line_1_28' title="bbox 1331 3334 1469 3419; baseline 0 0"><span class='ocrx_word' id='word_1_167' title='bbox 1331 3334 1469 3419; x_wconf 85' lang='lat' dir='ltr'>C4</span> 
     </span>
    </p>
   </div>
  </div>
 </body>
</html>
