2117 3875
454 258 543 333 σε
717 214 1367 361 c.‹q0RNE'L11
1423 220 1822 339 ΤΑοΙΊ-Ιῗ

448 422 837 496 immensum
870 419 1169 491 revestae
1187 470 1210 501 ,
1254 420 1518 506 angusto
1559 430 1886 488 terrarum
1929 422 2082 505 spa-

333 542 342 545 “
452 544 548 607 tio
588 542 1029 606 dirimuntur:
1095 539 1269 623 quod
1313 546 1456 601 tum
1485 534 1814 621 praesidiis
1845 535 2084 600 firma-

452 634 687 723 batur:
734 660 927 738 atque
958 655 1171 717 omnis
1201 653 1462 737 propior
1491 649 1660 715 finus
1691 642 2079 727 tenebatur}

422 758 791 835 -summotis
824 768 1005 834 velut
1033 768 1100 830 in
1127 767 1319 831 aliam
1347 766 1617 831 insulam
1645 765 1962 829 hostibus.

684 884 775 943 De
807 878 1150 959 occupanda
1187 870 1484 939 Hiberitia
1517 878 1834 958 confiliuma

588 974 785 1085 XXI‘
796 990 884 1059 V.
932 993 1182 1069 Quinto
1207 992 1690 1076 expeditionum
1706 1000 1920 1067 anno,
1953 1008 2086 1053 na·

458 1128 541 1176 ve
574 1108 781 1193 prima
820 1104 1230 1189 transgressus
1245 1152 1266 1184 ,
1315 1108 1568 1189 ignotas
1597 1106 1680 1169 ad
1713 1104 1779 1169 id
1806 1112 2079 1187 tempus

456 1230 681 1308 gentes
720 1222 959 1286 crebris
989 1218 1177 1285 fimul
1207 1240 1282 1284 ac
1315 1218 1629 1304 prosperis
1659 1217 1921 1303 proeliis
1952 1198 2080 1281 do-

455 1336 656 1402 muit:
704 1354 983 1419 eamque
1011 1342 1262 1418 partem
1287 1333 1692 1408 Britanniae,
1737 1351 1909 1415 quae
1945 1332 2079 1395 Hi·
2115 1308 2117 1325 ²

456 1449 748 1517 herniam
792 1448 1014 1539 aspicit
1042 1490 1061 1525 ,
1129 1445 1330 1531 copiis
1373 1446 1676 1511 instruxit
1700 1491 1721 1523 ,
1785 1446 1855 1511 in
1893 1444 2074 1529 spem

438 1563 698 1647 magis,
744 1582 945 1647 quam
976 1562 1059 1626 ob
1091 1559 1540 1625 formidinem:
1589 1559 1636 1624 fi
1663 1560 1925 1644 quidem
1946 1560 2076 1623 Hi-

456 1678 713 1755 bernia,
758 1676 973 1739 medio
1003 1676 1175 1739 inter
1198 1673 1600 1739 Britanniam
1626 1682 1820 1758 atque
1840 1672 2074 1757 Hispa-

453 1792 632 1857 niam
660 1787 811 1867 fita,
858 1787 928 1853 δε
961 1787 1214 1883 Gallico
1248 1806 1506 1873 quoque
1543 1788 1708 1852 mari
1755 1796 2074 1871 opportu-

456 1926 544 1973 na
560 1934 590 1984 ,·
610 1898 1101 1971 valentiffimam
1128 1896 1384 1987 imperii
1411 1910 1659 1986 partem
1687 1901 1940 1986 magnis
1969 1903 2074 1967 in·
2113 1963 2115 1978 ἶ

454 2021 669 2087 vicem
692 2014 909 2082 ufibu's
937 2016 1288 2082 miscuerit.
1335 2013 1631 2101 Spatium
1656 2015 1831 2100 ejuS,
1861 2013 1912 2080 fi
1930 2017 2073 2083 Bri·

455 2130 717 2198 tanniae
746 2131 1192 2216 comparetur,
1239 2129 1566 2214 angustius
1585 2175 1604 2208 ,
1651 2129 1850 2194 nostri
1873 2131 2069 2195 marIs

458 2247 701 2314 insulas
728 2245 999 2327 superat.
1072 2240 1296 2308 Solum
1321 2244 1701 2327 caelumque
1720 2289 1741 2322 ,
1787 2239 1858 2310 ὅτ
1885 2243 2070 2328 inge·

458 2360 566 2426 nia
596 2359 930 2441 cultusque
964 2357 1304 2424 hominum
1331 2359 1510 2424 haud
1525 2339 1818 2423 'multum
1863 2377 1901 2423 a
1930 2359 2070 2424 Bri-

458 2474 682 2538 tannia
704 2469 1040 2537 differunt:
1086 2473 1322 2538 melius
1347 2473 1558 2538 aditus
1584 2471 1932 2557 portusque
1959 2489 2070 2556 per

458 2586 849 2651 commercia
886 2584 959 2651 &
989 2585 1426 2670 negotiatores
1452 2587 1716 2671 cogniti.
1761 2586 2069 2669 Agricola
2114 2617 2115 2622 κ

460 2700 796 2785 expulsum
826 2699 1132 2767 seditione
1165 2699 1506 2768 domestica
1535 2720 1741 2765 unum
1769 2721 1849 2765 ex
1880 2720 2070 2783 regu·

456 2816 538 2882 lis
580 2815 789 2900 gentis
832 2823 1172 2898 exceperat
1193 2857 1216 2892 ‚
1261 2831 1336 2878 ac
1377 2813 1584 2899 specie
1629 2811 1960 2879 amicitiae
2006 2815 2073 2877 in

459 2927 859 2995 occafionem
888 2927 1229 2992 retinebat.
1323 2925 1528 3013 Saepe
1565 2947 1647 2992 ex
1685 2945 1764 2991 eo
1809 2927 2073 3004 audivi,
2107 2901 2114 2924 '⁴

352 3042 359 3059 ¹
452 3043 712 3127 legione
742 3063 873 3107 una
915 3043 985 3107 ὅτ
1021 3039 1290 3120 modicis
1323 3040 1584 3140 auxiliis
1616 3039 1924 3107 debellari
1962 3039 2076 3140 ob·
2111 3049 2114 3160 j

452 3157 778 3240 tinerique
820 3157 1201 3220 Hiberniam
1236 3152 1430 3240 pofl‘e.
1491 3155 1702 3240 quue
1725 3153 1928 3218 etiam
1967 3154 2078 3217 ad·
2109 3163 2114 3228 ξ

464 3269 681 3334 versus
724 3270 1120 3335 Britanniam
1164 3271 1629 3355 profuturum,
1690 3265 1740 3331 fi
1780 3265 2113 3336 Romana

460 3382 710 3464 ubique
754 3401 977 3464 arma,
1020 3383 1092 3451 ὅτ
1135 3385 1316 3454 velut
1353 3407 1392 3451 e
1431 3377 1773 3468 conspefitu
1809 3381 2077 3450 libertas

183 3446 198 3459 ”
246 3533 257 3543 =
461 3493 825 3562 tolleretur.
886 3565 905 3594 ›.
