2117 3875
463 201 1241 271 GERMANIA·
1598 225 1684 291 23

187 448 196 457 ,
603 379 810 449 Servi,
855 379 1154 439 libertini.

195 486 442 553 XXV.
505 489 754 555 Ceteris
783 486 1016 565 servis,
1078 510 1247 567 non,
1292 489 1361 553 in
1394 488 1681 555 nostrum
1740 522 1746 527 ·

80 623 344 679 morem,
399 603 728 685 descriptis
769 620 883 687 per
921 603 1239 669 familiam
1276 602 1677 681 ministeriiS‚

83 725 370 779 utuntur.
423 712 622 779 Suam
651 717 916 799 quisque
945 717 1195 795 sedem,
1242 717 1389 781 suos
1419 726 1680 799 penates

83 832 252 911 regit.
299 830 634 895 Frumenti
663 833 928 897 modum
959 830 1303 907 dominus,
1346 840 1463 893 aut
1489 848 1683 913 peco-

83 946 191 1019 τῖε,
237 953 358 1005 aut
387 942 578 1007 vestis
591 990 612 1021 ,
651 953 738 1007 ‚ut
773 944 1040 1021 colone,
1084 943 1399 1027 injungit-z
1447 944 1517 1007 δὲ
1558 945 1683 1007 ser-

85 1078 191 1119 vus
243 1053 562 1119 hactenus
613 1065 822 1147 paret.
913 1055 1140 1123 Cetera
1188 1043 1419 1122 domus
1468 1054 1681 1121 officia

24 1154 28 1161 ⁵
83 1190 236 1233 uxor
277 1190 352 1232 ac
383 1170 568 1239 liberi
601 1170 1058 1258 exsequuntur.
1148 1168 1508 1247 Verberare
1548 1164 1699 1251 ser·'

84 1304 231 1347 vum
281 1302 357 1345 ac
394 1283 672 1349 vinculis
717 1282 786 1349 ὅτ.
829 1304 1023 1369 opere
1053 1304 1386 1362 coercere,
1432 1262 1677 1349 rat-uin.

87 1396 388 1459 Occidere
411 1396 652 1473 solent,
695 1416 826 1464 non
861 1396 1289 1485 disciplina&
1321 1398 1679 1475 severitate,

86 1511 182 1601 sed
227 1510 478 1593 impetu
529 1509 599 1573 &
645 1510 775 1588 ira,
820 1519 898 1575 ut
935 1486 1310 1589 inimicum,
1356 1508 1473 1575 nifi
1508 1513 1681 1595 quod

89 1625 364 1705 impune.
434 1622 750 1693 Libertini
783 1643 912 1691 non
946 1626 1221 1690 multum
1254 1625 1444 1707 supra
1472 1624 1681 1689 servos

89 1736 218 1799 sunt
241 1782 260 1812 ,
323 1755 474 1799 raro
541 1737 805 1820 aefiquod
861 1746 1265 1812 momentum
1328 1738 1395 1801 in
1452 1738 1683 1812 domu,

63 1850 438 1932 'numquam
461 1849 532 1911 in
568 1850 860 1925 civitate,
909 1851 1193 1935 exceptis
1238 1852 1573 1915 dumtaxat
1603 1849 1684 1913 iis

95 1964 376 2045 gentibus
394 2009 412 2038 ,
463 1983 629 2046 quae
657 1971 1028 2047 regnantur.
1076 1964 1178 2028 Ibi
1205 1965 1375 2028 enim
1404 1963 1474 2028 δε
1500 1963 1683 2046 super

89 2077 386 2158 ingenuos
435 2073 504 2142 δε
553 2075 736 2160 super
776 2078 1024 2142 nobiles
1072 2077 1455 2142 ascendunt:
1516 2079 1683 2168 πρωὶ

94 2199 324 2253 ceteros
365 2175 646 2272 impares
679 2191 966 2256 libertini
989 2190 1307 2254 libertatis
1341 2188 1695 2274 argument?

99 2313 230 2366 tum
257 2305 421 2367 sunt.

143 2421 432 2494 Agrorum
466 2419 657 2477 cultus
689 2413 762 2484 ό·
789 2419 1083 2495 partitio.
1130 2420 1297 2477 Anni
1324 2435 1621 2495 tempora·

211 2526 432 2594 XXV
450 2529 508 2594 Ι.
555 2527 765 2595 Fenus
795 2528 1077 2612 agitare,
1125 2527 1193 2594 &
1224 2529 1293 2592 in
1322 2527 1546 2594 usuras
1573 2551 1687 2594 ex-

100 2643 384 2723 tendere,
428 2643 764 2724 ignotum:
811 2642 1090 2724 ideoque
1124 2641 1327 2724 magis
1360 2641 1681 2720 servatur,

102 2772 274 2835 quam
316 2753 361 2818 fi
411 2755 687 2820 vetitum
737 2754 915 2822 efl‘et.
1005 2755 1208 2838 Agri,
1252 2775 1368 2839 pro
1418 2777 1687 2822 numero

107 2867 440 2946 cultorum,
480 2870 558 2933 ab
585 2867 890 2940 univetfis
921 2888 1037 2952 per
1064 2871 1237 2936 vices
1268 2877 1693 2956 occupantur,

108 2997 244 3059 quos
273 3001 422 3046 mox
447 2982 618 3046 inter-
646 2982 706 3046 se
727 2983 1071 3046 secundum
1090 2983 1525 3066 dignationem
1543 2999 1690 3066 par·-

109 3091 362 3158 tiuntur:
409 3095 784 3160 facilitatem
809 3097 1128 3179 partiendi
1154 3113 1530 3178 camporum
1558 3094 1694 3180 spa·
1746 3139 1759 3146 -

110 3204 186 3267 tia
205 3207 532 3288 praestant.
579 3209 758 3287 Arva
784 3227 899 3293 per
928 3225 1131 3272 annos
1158 3215 1417 3272 mutant
1432 3230 1453 3285 3
1501 3205 1570 3274 &
1587 3208 1691 3273 su-

111 3317 290 3397 perest
319 3339 508 3404 ager:
567 3342 688 3389 nec
721 3322 896 3386 enim
931 3341 1085 3388 cum
1119 3322 1418 3396 ubertate
1451 3319 1525 3398 ,ὃς
1544 3343 1695 3398 am-

1352 3433 1625 3518 B4›
