<?xml version="1.0" encoding="UTF-8"?>
<!DOCTYPE html PUBLIC "-//W3C//DTD XHTML 1.0 Transitional//EN"
    "http://www.w3.org/TR/xhtml1/DTD/xhtml1-transitional.dtd">
<html xmlns="http://www.w3.org/1999/xhtml" xml:lang="en" lang="en">
 <head>
  <title>
</title>
<meta http-equiv="Content-Type" content="text/html;charset=utf-8" />
  <meta name='ocr-system' content='tesseract 3.04.00' />
  <meta name='ocr-capabilities' content='ocr_page ocr_carea ocr_par ocr_line ocrx_word'/>
</head>
<body>
  <div class='ocr_page' id='page_1' title='image "./ccorneliitactio01brotgoog_0154.png"; bbox 0 0 2117 3875; ppageno 0'>
   <div class='ocr_carea' id='block_1_1' title="bbox 197 224 1775 331">
    <p class='ocr_par' dir='ltr' id='par_1_1' title="bbox 197 224 1775 331">
     <span class='ocr_line' id='line_1_1' title="bbox 197 224 1775 331; baseline -0.012 -10"><span class='ocrx_word' id='word_1_1' title='bbox 197 224 220 243; x_wconf 70' lang='grc'><strong>“</strong></span> <span class='ocrx_word' id='word_1_2' title='bbox 297 292 303 325; x_wconf 87' lang='grc'><em>,</em></span> <span class='ocrx_word' id='word_1_3' title='bbox 414 264 546 331; x_wconf 78' lang='lat'><strong>144</strong></span> <span class='ocrx_word' id='word_1_4' title='bbox 675 238 751 307; x_wconf 79' lang='lat' dir='ltr'><strong>c,</strong></span> <span class='ocrx_word' id='word_1_5' title='bbox 809 226 1326 306; x_wconf 81' lang='lat' dir='ltr'>CORNELII</span> <span class='ocrx_word' id='word_1_6' title='bbox 1376 230 1775 331; x_wconf 23' lang='lat' dir='ltr'><strong>&#39;TAclTr</strong></span> 
     </span>
    </p>
   </div>
   <div class='ocr_carea' id='block_1_2' title="bbox 309 405 2114 3556">
    <p class='ocr_par' dir='ltr' id='par_1_2' title="bbox 336 405 2114 1523">
     <span class='ocr_line' id='line_1_2' title="bbox 336 405 2065 496; baseline -0.007 -9"><span class='ocrx_word' id='word_1_7' title='bbox 336 432 341 453; x_wconf 85' lang='lat'>¹</span> <span class='ocrx_word' id='word_1_8' title='bbox 413 428 528 486; x_wconf 89' lang='lat' dir='ltr'><strong>aut</strong></span> <span class='ocrx_word' id='word_1_9' title='bbox 571 426 709 483; x_wconf 85' lang='lat' dir='ltr'><strong>tam</strong></span> <span class='ocrx_word' id='word_1_10' title='bbox 751 415 964 483; x_wconf 84' lang='lat' dir='ltr'><strong>varias</strong></span> <span class='ocrx_word' id='word_1_11' title='bbox 1007 405 1121 485; x_wconf 69' lang='lat' dir='ltr'><strong>&#39;res</strong></span> <span class='ocrx_word' id='word_1_12' title='bbox 1166 411 1412 496; x_wconf 83' lang='lat' dir='ltr'><strong>potest,</strong></span> <span class='ocrx_word' id='word_1_13' title='bbox 1458 410 1575 477; x_wconf 87' lang='lat' dir='ltr'><strong>nifi</strong></span> <span class='ocrx_word' id='word_1_14' title='bbox 1614 408 1696 477; x_wconf 81' lang='lat' dir='ltr'><strong>ut</strong></span> <span class='ocrx_word' id='word_1_15' title='bbox 1735 408 2065 475; x_wconf 72' lang='lat' dir='ltr'><strong>scientiae</strong></span> 
     </span>
     <span class='ocr_line' id='line_1_3' title="bbox 410 509 2056 607; baseline -0.008 -7"><span class='ocrx_word' id='word_1_16' title='bbox 410 532 791 607; x_wconf 77' lang='lat' dir='ltr'><strong>meditatio,</strong></span> <span class='ocrx_word' id='word_1_17' title='bbox 825 527 1235 593; x_wconf 76' lang='lat' dir='ltr'><strong>meditationi</strong></span> <span class='ocrx_word' id='word_1_18' title='bbox 1256 526 1571 603; x_wconf 58' lang='lat' dir='ltr'><strong>facultate,</strong></span> <span class='ocrx_word' id='word_1_19' title='bbox 1604 509 1918 591; x_wconf 79' lang='lat' dir='ltr'><strong>facultati</strong></span> <span class='ocrx_word' id='word_1_20' title='bbox 1951 523 2056 589; x_wconf 88' lang='lat' dir='ltr'><strong>vis</strong></span> 
     </span>
     <span class='ocr_line' id='line_1_4' title="bbox 401 640 2056 735; baseline -0.007 -20.927"><span class='ocrx_word' id='word_1_21' title='bbox 401 646 824 735; x_wconf 83' lang='lat' dir='ltr'><strong>eloquentiae</strong></span> <span class='ocrx_word' id='word_1_22' title='bbox 841 644 1140 707; x_wconf 82' lang='lat' dir='ltr'><strong>accedat.</strong></span> <span class='ocrx_word' id='word_1_23' title='bbox 1186 660 1303 724; x_wconf 88' lang='lat' dir='ltr'><strong>per</strong></span> <span class='ocrx_word' id='word_1_24' title='bbox 1320 660 1489 724; x_wconf 88' lang='lat' dir='ltr'><strong>quae</strong></span> <span class='ocrx_word' id='word_1_25' title='bbox 1506 640 1843 731; x_wconf 84' lang='lat' dir='ltr'><strong>colligitur</strong></span> <span class='ocrx_word' id='word_1_26' title='bbox 1859 658 2056 703; x_wconf 84' lang='lat' dir='ltr'><strong>eam-</strong></span> 
     </span>
     <span class='ocr_line' id='line_1_5' title="bbox 411 737 2055 839; baseline -0.007 -12"><span class='ocrx_word' id='word_1_27' title='bbox 411 737 562 837; x_wconf 81' lang='lat' dir='ltr'><strong>dem</strong></span> <span class='ocrx_word' id='word_1_28' title='bbox 588 759 713 825; x_wconf 83' lang='lat' dir='ltr'><strong>effe</strong></span> <span class='ocrx_word' id='word_1_29' title='bbox 739 758 1095 833; x_wconf 86' lang='lat' dir='ltr'><strong>rationem,</strong></span> <span class='ocrx_word' id='word_1_30' title='bbox 1128 752 1199 819; x_wconf 87' lang='lat'>&amp;</span> <span class='ocrx_word' id='word_1_31' title='bbox 1224 755 1667 838; x_wconf 82' lang='lat' dir='ltr'><strong>percipiendi,</strong></span> <span class='ocrx_word' id='word_1_32' title='bbox 1696 774 1869 839; x_wconf 88' lang='lat' dir='ltr'><strong>quae</strong></span> <span class='ocrx_word' id='word_1_33' title='bbox 1884 770 2055 837; x_wconf 86' lang='lat' dir='ltr'><strong>pro-</strong></span> 
     </span>
     <span class='ocr_line' id='line_1_6' title="bbox 404 863 2053 954; baseline -0.007 -12"><span class='ocrx_word' id='word_1_34' title='bbox 404 879 622 951; x_wconf 84' lang='lat' dir='ltr'><strong>feras,</strong></span> <span class='ocrx_word' id='word_1_35' title='bbox 680 871 751 938; x_wconf 72' lang='grc' dir='ltr'><strong>δι</strong></span> <span class='ocrx_word' id='word_1_36' title='bbox 783 869 1189 954; x_wconf 85' lang='lat' dir='ltr'><strong>proferendi,</strong></span> <span class='ocrx_word' id='word_1_37' title='bbox 1240 887 1407 951; x_wconf 89' lang='lat' dir='ltr'><strong>quae</strong></span> <span class='ocrx_word' id='word_1_38' title='bbox 1440 870 1835 953; x_wconf 76' lang='lat' dir='ltr'><strong>perceperis,</strong></span> <span class='ocrx_word' id='word_1_39' title='bbox 1918 863 2053 931; x_wconf 86' lang='lat' dir='ltr'><strong>Sed</strong></span> 
     </span>
     <span class='ocr_line' id='line_1_7' title="bbox 411 980 2051 1067; baseline -0.007 -11"><span class='ocrx_word' id='word_1_40' title='bbox 411 989 462 1055; x_wconf 84' lang='lat' dir='ltr'><strong>fi</strong></span> <span class='ocrx_word' id='word_1_41' title='bbox 496 990 602 1054; x_wconf 87' lang='lat' dir='ltr'><strong>cui</strong></span> <span class='ocrx_word' id='word_1_42' title='bbox 637 985 1028 1056; x_wconf 85' lang='lat' dir='ltr'><strong>obscuriora</strong></span> <span class='ocrx_word' id='word_1_43' title='bbox 1036 984 1199 1047; x_wconf 86' lang='lat' dir='ltr'><strong>haec</strong></span> <span class='ocrx_word' id='word_1_44' title='bbox 1225 980 1573 1060; x_wconf 86' lang='lat' dir='ltr'><strong>videntur,</strong></span> <span class='ocrx_word' id='word_1_45' title='bbox 1617 982 1795 1067; x_wconf 89' lang='lat' dir='ltr'><strong>isque</strong></span> <span class='ocrx_word' id='word_1_46' title='bbox 1834 982 2051 1046; x_wconf 91' lang='lat' dir='ltr'><strong>scien-</strong></span> 
     </span>
     <span class='ocr_line' id='line_1_8' title="bbox 409 1094 2055 1179; baseline -0.013 -10"><span class='ocrx_word' id='word_1_47' title='bbox 409 1106 572 1169; x_wconf 87' lang='lat' dir='ltr'><strong>tiam</strong></span> <span class='ocrx_word' id='word_1_48' title='bbox 612 1102 690 1165; x_wconf 87' lang='lat' dir='ltr'><strong>ab</strong></span> <span class='ocrx_word' id='word_1_49' title='bbox 725 1097 1189 1163; x_wconf 79' lang='lat' dir='ltr'><strong>exercitatione</strong></span> <span class='ocrx_word' id='word_1_50' title='bbox 1219 1094 1465 1179; x_wconf 66' lang='lat' dir='ltr'><strong>separat</strong></span> <span class='ocrx_word' id='word_1_51' title='bbox 1483 1141 1505 1174; x_wconf 91' lang='lat'>,</span> <span class='ocrx_word' id='word_1_52' title='bbox 1550 1096 1619 1161; x_wconf 90' lang='lat' dir='ltr'><strong>id</strong></span> <span class='ocrx_word' id='word_1_53' title='bbox 1659 1106 1840 1161; x_wconf 78' lang='lat' dir='ltr'><strong>certe</strong></span> <span class='ocrx_word' id='word_1_54' title='bbox 1879 1116 2055 1159; x_wconf 76' lang='lat' dir='ltr'><strong>con..</strong></span> 
     </span>
     <span class='ocr_line' id='line_1_9' title="bbox 411 1192 2114 1293; baseline -0.005 -12"><span class='ocrx_word' id='word_1_55' title='bbox 411 1220 634 1291; x_wconf 88' lang='lat' dir='ltr'><strong>cedet,</strong></span> <span class='ocrx_word' id='word_1_56' title='bbox 679 1200 1059 1277; x_wconf 65' lang='lat' dir='ltr'><strong>instructum</strong></span> <span class='ocrx_word' id='word_1_57' title='bbox 1088 1209 1159 1275; x_wconf 73' lang='grc' dir='ltr'><strong>δε</strong></span> <span class='ocrx_word' id='word_1_58' title='bbox 1188 1210 1453 1293; x_wconf 53' lang='lat' dir='ltr'><strong>plnum</strong></span> <span class='ocrx_word' id='word_1_59' title='bbox 1476 1210 1579 1275; x_wconf 84' lang='lat' dir='ltr'><strong>his</strong></span> <span class='ocrx_word' id='word_1_60' title='bbox 1610 1210 1864 1275; x_wconf 86' lang='lat' dir='ltr'><strong>artibus</strong></span> <span class='ocrx_word' id='word_1_61' title='bbox 1898 1211 2054 1275; x_wconf 87' lang='lat' dir='ltr'><strong>ani-</strong></span> <span class='ocrx_word' id='word_1_62' title='bbox 2112 1192 2114 1197; x_wconf 48' lang='grc'>’</span> 
     </span>
     <span class='ocr_line' id='line_1_10' title="bbox 411 1324 2114 1419; baseline -0.004 -24"><span class='ocrx_word' id='word_1_63' title='bbox 411 1351 634 1406; x_wconf 88' lang='lat' dir='ltr'><strong>mum,</strong></span> <span class='ocrx_word' id='word_1_64' title='bbox 683 1328 874 1409; x_wconf 80' lang='lat' dir='ltr'><strong>longe</strong></span> <span class='ocrx_word' id='word_1_65' title='bbox 903 1324 1298 1409; x_wconf 86' lang='lat' dir='ltr'><strong>paratiorem</strong></span> <span class='ocrx_word' id='word_1_66' title='bbox 1336 1325 1421 1387; x_wconf 87' lang='lat' dir='ltr'><strong>ad</strong></span> <span class='ocrx_word' id='word_1_67' title='bbox 1462 1344 1573 1389; x_wconf 85' lang='lat' dir='ltr'><strong>eas</strong></span> <span class='ocrx_word' id='word_1_68' title='bbox 1620 1325 2051 1389; x_wconf 86' lang='lat' dir='ltr'><strong>exercitatio-</strong></span> <span class='ocrx_word' id='word_1_69' title='bbox 2112 1366 2114 1419; x_wconf 31' lang='lat'>¹</span> 
     </span>
     <span class='ocr_line' id='line_1_11' title="bbox 409 1438 2114 1523; baseline -0.005 -12"><span class='ocrx_word' id='word_1_70' title='bbox 409 1465 527 1511; x_wconf 86' lang='lat' dir='ltr'><strong>nes</strong></span> <span class='ocrx_word' id='word_1_71' title='bbox 549 1449 929 1519; x_wconf 85' lang='lat' dir='ltr'><strong>venturum,</strong></span> <span class='ocrx_word' id='word_1_72' title='bbox 963 1454 1133 1523; x_wconf 89' lang='lat' dir='ltr'><strong>quae</strong></span> <span class='ocrx_word' id='word_1_73' title='bbox 1160 1438 1458 1521; x_wconf 86' lang='lat' dir='ltr'><strong>propriae</strong></span> <span class='ocrx_word' id='word_1_74' title='bbox 1484 1438 1656 1503; x_wconf 88' lang='lat' dir='ltr'><strong>circa</strong></span> <span class='ocrx_word' id='word_1_75' title='bbox 1682 1439 2049 1504; x_wconf 81' lang='lat' dir='ltr'><strong>oratoriam</strong></span> <span class='ocrx_word' id='word_1_76' title='bbox 2112 1440 2114 1519; x_wconf 67' lang='lat' dir='ltr'>l</span> 
     </span>
    </p>

    <p class='ocr_par' dir='ltr' id='par_1_3' title="bbox 326 1560 735 1648">
     <span class='ocr_line' id='line_1_12' title="bbox 326 1560 735 1648; baseline -0.023 -20"><span class='ocrx_word' id='word_1_77' title='bbox 326 1641 333 1648; x_wconf 19' lang='grc' dir='ltr'><em>θ</em></span> <span class='ocrx_word' id='word_1_78' title='bbox 410 1560 735 1626; x_wconf 87' lang='lat' dir='ltr'><strong>videntur.</strong></span> 
     </span>
    </p>

    <p class='ocr_par' dir='ltr' id='par_1_4' title="bbox 401 1661 2114 3120">
     <span class='ocr_line' id='line_1_13' title="bbox 427 1661 1937 1791; baseline -0.003 -53.764"><span class='ocrx_word' id='word_1_79' title='bbox 427 1661 746 1791; x_wconf 80' lang='lat' dir='ltr'><strong>Meffala</strong></span> <span class='ocrx_word' id='word_1_80' title='bbox 781 1672 1000 1732; x_wconf 78' lang='lat' dir='ltr'><strong>veteris</strong></span> <span class='ocrx_word' id='word_1_81' title='bbox 1017 1670 1305 1746; x_wconf 79' lang='lat' dir='ltr'><strong>juvenum</strong></span> <span class='ocrx_word' id='word_1_82' title='bbox 1340 1662 1733 1748; x_wconf 75' lang='lat' dir='ltr'><strong>institutionis</strong></span> <span class='ocrx_word' id='word_1_83' title='bbox 1762 1668 1937 1732; x_wconf 58' lang='lat' dir='ltr'><strong>artes·</strong></span> 
     </span>
     <span class='ocr_line' id='line_1_14' title="bbox 1070 1756 2114 1900; baseline -0.006 -58"><span class='ocrx_word' id='word_1_84' title='bbox 1070 1784 1355 1863; x_wconf 78' lang='lat' dir='ltr'><strong>explicat.</strong></span> <span class='ocrx_word' id='word_1_85' title='bbox 2112 1756 2114 1900; x_wconf 34' lang='grc' dir='ltr'>ἦ</span> 
     </span>
     <span class='ocr_line' id='line_1_15' title="bbox 539 1884 2043 1980; baseline -0.001 -16"><span class='ocrx_word' id='word_1_86' title='bbox 539 1891 920 1964; x_wconf 89' lang='lat' dir='ltr'>XXXIV.</span> <span class='ocrx_word' id='word_1_87' title='bbox 985 1894 1159 1978; x_wconf 86' lang='lat' dir='ltr'><strong>Ergo</strong></span> <span class='ocrx_word' id='word_1_88' title='bbox 1217 1895 1393 1979; x_wconf 87' lang='lat' dir='ltr'><strong>apud</strong></span> <span class='ocrx_word' id='word_1_89' title='bbox 1443 1884 1725 1980; x_wconf 79' lang='lat' dir='ltr'><strong>majo&#39;res</strong></span> <span class='ocrx_word' id='word_1_90' title='bbox 1777 1893 2043 1963; x_wconf 73' lang='lat' dir='ltr'><strong>nostros</strong></span> 
     </span>
     <span class='ocr_line' id='line_1_16' title="bbox 401 2001 2045 2100; baseline -0.002 -20"><span class='ocrx_word' id='word_1_91' title='bbox 401 2012 662 2100; x_wconf 78' lang='lat' dir='ltr'><strong>juvenis</strong></span> <span class='ocrx_word' id='word_1_92' title='bbox 693 2011 805 2074; x_wconf 85' lang='lat' dir='ltr'><strong>ine</strong></span> <span class='ocrx_word' id='word_1_93' title='bbox 821 2053 843 2089; x_wconf 84' lang='lat'><strong>,</strong></span> <span class='ocrx_word' id='word_1_94' title='bbox 887 2009 1004 2092; x_wconf 89' lang='lat' dir='ltr'><strong>qui</strong></span> <span class='ocrx_word' id='word_1_95' title='bbox 1033 2009 1178 2076; x_wconf 87' lang='lat' dir='ltr'><strong>foro</strong></span> <span class='ocrx_word' id='word_1_96' title='bbox 1210 2007 1282 2074; x_wconf 86' lang='lat'>&amp;</span> <span class='ocrx_word' id='word_1_97' title='bbox 1311 2010 1724 2093; x_wconf 82' lang='lat' dir='ltr'><strong>eloquentiae</strong></span> <span class='ocrx_word' id='word_1_98' title='bbox 1757 2001 2045 2095; x_wconf 79' lang='lat' dir='ltr'><strong>paraba-</strong></span> 
     </span>
     <span class='ocr_line' id='line_1_17' title="bbox 402 2121 2042 2208; baseline -0.001 -16"><span class='ocrx_word' id='word_1_99' title='bbox 402 2137 535 2204; x_wconf 85' lang='lat' dir='ltr'><strong>tur,</strong></span> <span class='ocrx_word' id='word_1_100' title='bbox 556 2122 876 2190; x_wconf 80' lang='lat' dir='ltr'><strong>imbutus</strong></span> <span class='ocrx_word' id='word_1_101' title='bbox 857 2141 989 2205; x_wconf 81' lang='lat' dir='ltr'><strong>Jam</strong></span> <span class='ocrx_word' id='word_1_102' title='bbox 1011 2121 1357 2187; x_wconf 85' lang='lat' dir='ltr'><strong>domestica</strong></span> <span class='ocrx_word' id='word_1_103' title='bbox 1374 2123 1725 2208; x_wconf 79' lang='lat' dir='ltr'><strong>disciplina,</strong></span> <span class='ocrx_word' id='word_1_104' title='bbox 1742 2127 2042 2190; x_wconf 76' lang='lat' dir='ltr'><strong>refertus</strong></span> 
     </span>
     <span class='ocr_line' id='line_1_18' title="bbox 403 2235 2042 2322; baseline -0.002 -14"><span class='ocrx_word' id='word_1_105' title='bbox 403 2237 688 2308; x_wconf 86' lang='lat' dir='ltr'><strong>honestis</strong></span> <span class='ocrx_word' id='word_1_106' title='bbox 703 2235 947 2312; x_wconf 77' lang='lat' dir='ltr'><strong>studiis,</strong></span> <span class='ocrx_word' id='word_1_107' title='bbox 963 2236 1405 2301; x_wconf 85' lang='lat' dir='ltr'><strong>deducebatur</strong></span> <span class='ocrx_word' id='word_1_108' title='bbox 1422 2253 1461 2300; x_wconf 88' lang='lat' dir='ltr'><strong>a</strong></span> <span class='ocrx_word' id='word_1_109' title='bbox 1477 2246 1683 2321; x_wconf 87' lang='lat' dir='ltr'><strong>patre,</strong></span> <span class='ocrx_word' id='word_1_110' title='bbox 1700 2239 1807 2304; x_wconf 88' lang='lat' dir='ltr'><strong>vel</strong></span> <span class='ocrx_word' id='word_1_111' title='bbox 1824 2259 1863 2302; x_wconf 91' lang='lat' dir='ltr'><strong>a</strong></span> <span class='ocrx_word' id='word_1_112' title='bbox 1875 2257 2042 2322; x_wconf 87' lang='lat' dir='ltr'><strong>pro·-</strong></span> 
     </span>
     <span class='ocr_line' id='line_1_19' title="bbox 402 2349 2039 2441; baseline -0.001 -21"><span class='ocrx_word' id='word_1_113' title='bbox 402 2352 670 2441; x_wconf 84' lang='lat' dir='ltr'><strong>pinquis</strong></span> <span class='ocrx_word' id='word_1_114' title='bbox 686 2396 705 2429; x_wconf 92' lang='lat'><strong><em>,</em></strong></span> <span class='ocrx_word' id='word_1_115' title='bbox 739 2349 823 2413; x_wconf 90' lang='lat' dir='ltr'><strong>ad</strong></span> <span class='ocrx_word' id='word_1_116' title='bbox 855 2370 1007 2414; x_wconf 87' lang='lat' dir='ltr'><strong>eum</strong></span> <span class='ocrx_word' id='word_1_117' title='bbox 1031 2357 1357 2414; x_wconf 84' lang='lat' dir='ltr'><strong>oratorem</strong></span> <span class='ocrx_word' id='word_1_118' title='bbox 1384 2397 1407 2428; x_wconf 89' lang='lat'><em>,</em></span> <span class='ocrx_word' id='word_1_119' title='bbox 1445 2352 1557 2436; x_wconf 88' lang='lat' dir='ltr'><strong>qui</strong></span> <span class='ocrx_word' id='word_1_120' title='bbox 1572 2353 1935 2436; x_wconf 81' lang='lat' dir='ltr'><strong>prinprem</strong></span> <span class='ocrx_word' id='word_1_121' title='bbox 1960 2353 2039 2418; x_wconf 87' lang='lat' dir='ltr'><strong>in</strong></span> 
     </span>
     <span class='ocr_line' id='line_1_20' title="bbox 406 2441 2112 2544; baseline -0.001 -12"><span class='ocrx_word' id='word_1_122' title='bbox 406 2470 670 2534; x_wconf 85' lang='lat' dir='ltr'><strong>civitate</strong></span> <span class='ocrx_word' id='word_1_123' title='bbox 703 2465 924 2529; x_wconf 88' lang='lat' dir='ltr'><strong>locum</strong></span> <span class='ocrx_word' id='word_1_124' title='bbox 951 2463 1305 2529; x_wconf 86' lang='lat' dir='ltr'><strong>obtinebat.</strong></span> <span class='ocrx_word' id='word_1_125' title='bbox 1348 2464 1549 2530; x_wconf 87' lang='lat' dir='ltr'><strong>Hunc</strong></span> <span class='ocrx_word' id='word_1_126' title='bbox 1573 2463 2040 2544; x_wconf 66' lang='lat' dir='ltr'><strong>sestari,hune</strong></span> <span class='ocrx_word' id='word_1_127' title='bbox 2111 2441 2112 2446; x_wconf 8' lang='grc' dir='ltr'>ἵ</span> 
     </span>
     <span class='ocr_line' id='line_1_21' title="bbox 403 2561 2035 2666; baseline -0.002 -21"><span class='ocrx_word' id='word_1_128' title='bbox 403 2579 734 2666; x_wconf 73' lang='lat' dir='ltr'><strong>prosequi,</strong></span> <span class='ocrx_word' id='word_1_129' title='bbox 758 2577 954 2660; x_wconf 82' lang='lat' dir='ltr'><strong>hujus</strong></span> <span class='ocrx_word' id='word_1_130' title='bbox 973 2577 1273 2642; x_wconf 85' lang='lat' dir='ltr'><strong>omnibus</strong></span> <span class='ocrx_word' id='word_1_131' title='bbox 1290 2575 1683 2644; x_wconf 62' lang='lat' dir='ltr'><strong>dictionibus</strong></span> <span class='ocrx_word' id='word_1_132' title='bbox 1698 2561 2035 2658; x_wconf 67' lang='lat' dir='ltr'><strong>inte&#39;reffe,</strong></span> 
     </span>
     <span class='ocr_line' id='line_1_22' title="bbox 404 2689 2038 2784; baseline -0.002 -22"><span class='ocrx_word' id='word_1_133' title='bbox 404 2693 536 2762; x_wconf 83' lang='lat' dir='ltr'><strong>five</strong></span> <span class='ocrx_word' id='word_1_134' title='bbox 557 2695 626 2757; x_wconf 89' lang='lat' dir='ltr'><strong>in</strong></span> <span class='ocrx_word' id='word_1_135' title='bbox 649 2691 910 2775; x_wconf 77' lang='lat' dir='ltr'><strong>iudiciis</strong></span> <span class='ocrx_word' id='word_1_136' title='bbox 927 2737 946 2768; x_wconf 90' lang='lat'>‚</span> <span class='ocrx_word' id='word_1_137' title='bbox 964 2689 1095 2784; x_wconf 74' lang='lat' dir='ltr'><strong>five</strong></span> <span class='ocrx_word' id='word_1_138' title='bbox 1113 2693 1182 2758; x_wconf 89' lang='lat' dir='ltr'><strong>in</strong></span> <span class='ocrx_word' id='word_1_139' title='bbox 1208 2693 1633 2758; x_wconf 85' lang='lat' dir='ltr'><strong>concionibus</strong></span> <span class='ocrx_word' id='word_1_140' title='bbox 1650 2739 1671 2771; x_wconf 92' lang='lat'><strong><em>,</em></strong></span> <span class='ocrx_word' id='word_1_141' title='bbox 1698 2693 2038 2758; x_wconf 78' lang='lat' dir='ltr'><strong>adsuesce.-</strong></span> 
     </span>
     <span class='ocr_line' id='line_1_23' title="bbox 401 2804 2033 2891; baseline -0.001 -17"><span class='ocrx_word' id='word_1_142' title='bbox 401 2811 514 2876; x_wconf 88' lang='lat' dir='ltr'><strong>bat</strong></span> <span class='ocrx_word' id='word_1_143' title='bbox 539 2855 560 2888; x_wconf 85' lang='lat'>‚</span> <span class='ocrx_word' id='word_1_144' title='bbox 618 2804 712 2871; x_wconf 77' lang='lat' dir='ltr'><strong>it&#39;a</strong></span> <span class='ocrx_word' id='word_1_145' title='bbox 755 2813 836 2870; x_wconf 90' lang='lat' dir='ltr'><strong>ut</strong></span> <span class='ocrx_word' id='word_1_146' title='bbox 875 2804 1343 2870; x_wconf 83' lang='lat' dir='ltr'><strong>altercationes·</strong></span> <span class='ocrx_word' id='word_1_147' title='bbox 1378 2825 1641 2891; x_wconf 85' lang='lat' dir='ltr'><strong>quoque</strong></span> <span class='ocrx_word' id='word_1_148' title='bbox 1682 2807 1987 2891; x_wconf 87' lang='lat' dir='ltr'><strong>excipere</strong></span> <span class='ocrx_word' id='word_1_149' title='bbox 2007 2853 2033 2886; x_wconf 88' lang='lat'><strong>,</strong></span> 
     </span>
     <span class='ocr_line' id='line_1_24' title="bbox 404 2917 2034 3006; baseline -0.01 -17"><span class='ocrx_word' id='word_1_150' title='bbox 404 2923 477 2989; x_wconf 87' lang='lat'>&amp;</span> <span class='ocrx_word' id='word_1_151' title='bbox 517 2920 745 3006; x_wconf 84' lang='lat' dir='ltr'><strong>jurgiis</strong></span> <span class='ocrx_word' id='word_1_152' title='bbox 789 2917 1124 2996; x_wconf 81' lang='lat' dir='ltr'><strong>intereffe,</strong></span> <span class='ocrx_word' id='word_1_153' title='bbox 1170 2927 1380 3002; x_wconf 87' lang='lat' dir='ltr'><strong>utque</strong></span> <span class='ocrx_word' id='word_1_154' title='bbox 1419 2917 1506 2981; x_wconf 89' lang='lat' dir='ltr'><strong>fic</strong></span> <span class='ocrx_word' id='word_1_155' title='bbox 1545 2921 1856 2999; x_wconf 85' lang='lat' dir='ltr'><strong>dixerim,</strong></span> <span class='ocrx_word' id='word_1_156' title='bbox 1896 2941 2034 3005; x_wconf 82' lang='lat' dir='ltr'><strong>pu.</strong></span> 
     </span>
     <span class='ocr_line' id='line_1_25' title="bbox 403 3032 2033 3120; baseline 0 -21"><span class='ocrx_word' id='word_1_157' title='bbox 403 3057 600 3120; x_wconf 83' lang='lat' dir='ltr'><strong>gnare</strong></span> <span class='ocrx_word' id='word_1_158' title='bbox 619 3036 687 3098; x_wconf 88' lang='lat' dir='ltr'><strong>in</strong></span> <span class='ocrx_word' id='word_1_159' title='bbox 706 3033 952 3117; x_wconf 90' lang='lat' dir='ltr'><strong>proelio</strong></span> <span class='ocrx_word' id='word_1_160' title='bbox 972 3032 1264 3096; x_wconf 86' lang='lat' dir='ltr'><strong>disceret.</strong></span> <span class='ocrx_word' id='word_1_161' title='bbox 1306 3033 1585 3116; x_wconf 83' lang='lat' dir='ltr'><strong>Magnus</strong></span> <span class='ocrx_word' id='word_1_162' title='bbox 1610 3057 1691 3099; x_wconf 83' lang='lat' dir='ltr'><strong>ex</strong></span> <span class='ocrx_word' id='word_1_163' title='bbox 1708 3036 1834 3098; x_wconf 88' lang='lat' dir='ltr'><strong>hoc</strong></span> <span class='ocrx_word' id='word_1_164' title='bbox 1849 3033 2033 3115; x_wconf 76' lang='lat' dir='ltr'><strong>usuS,</strong></span> 
     </span>
    </p>

    <p class='ocr_par' dir='ltr' id='par_1_5' title="bbox 309 3143 2033 3458">
     <span class='ocr_line' id='line_1_26' title="bbox 309 3143 2033 3232; baseline -0.001 -19"><span class='ocrx_word' id='word_1_165' title='bbox 309 3208 314 3213; x_wconf 85' lang='lat'>.</span> <span class='ocrx_word' id='word_1_166' title='bbox 401 3151 688 3216; x_wconf 82' lang='lat' dir='ltr'><strong>multum</strong></span> <span class='ocrx_word' id='word_1_167' title='bbox 717 3143 1113 3211; x_wconf 85' lang='lat' dir='ltr'><strong>constantiae</strong></span> <span class='ocrx_word' id='word_1_168' title='bbox 1137 3192 1157 3224; x_wconf 92' lang='lat'><em>‚</em></span> <span class='ocrx_word' id='word_1_169' title='bbox 1202 3146 1555 3230; x_wconf 79' lang='lat' dir='ltr'><strong>plurImum</strong></span> <span class='ocrx_word' id='word_1_170' title='bbox 1587 3147 1808 3231; x_wconf 81' lang='lat' dir='ltr'><strong>judicii</strong></span> <span class='ocrx_word' id='word_1_171' title='bbox 1832 3148 2033 3232; x_wconf 83' lang='lat' dir='ltr'><strong>juve-</strong></span> 
     </span>
     <span class='ocr_line' id='line_1_27' title="bbox 402 3258 2032 3340; baseline 0.001 -14"><span class='ocrx_word' id='word_1_172' title='bbox 402 3262 597 3326; x_wconf 87' lang='lat' dir='ltr'><strong>nibus</strong></span> <span class='ocrx_word' id='word_1_173' title='bbox 631 3259 844 3323; x_wconf 85' lang='lat' dir='ltr'><strong>statim</strong></span> <span class='ocrx_word' id='word_1_174' title='bbox 873 3258 1318 3340; x_wconf 85' lang='lat' dir='ltr'><strong>contingebat,</strong></span> <span class='ocrx_word' id='word_1_175' title='bbox 1364 3261 1434 3324; x_wconf 89' lang='lat' dir='ltr'><strong>in</strong></span> <span class='ocrx_word' id='word_1_176' title='bbox 1466 3262 1677 3324; x_wconf 87' lang='lat' dir='ltr'><strong>media</strong></span> <span class='ocrx_word' id='word_1_177' title='bbox 1716 3263 1864 3329; x_wconf 87' lang='lat' dir='ltr'><strong>luce</strong></span> <span class='ocrx_word' id='word_1_178' title='bbox 1893 3259 2032 3330; x_wconf 84' lang='lat' dir='ltr'><strong>stu-</strong></span> 
     </span>
     <span class='ocr_line' id='line_1_28' title="bbox 404 3371 2029 3458; baseline 0.004 -22"><span class='ocrx_word' id='word_1_179' title='bbox 404 3371 704 3437; x_wconf 73' lang='lat' dir='ltr'><strong>denthus</strong></span> <span class='ocrx_word' id='word_1_180' title='bbox 725 3418 754 3454; x_wconf 85' lang='lat'><em>,</em></span> <span class='ocrx_word' id='word_1_181' title='bbox 815 3377 1013 3456; x_wconf 87' lang='lat' dir='ltr'><strong>atque</strong></span> <span class='ocrx_word' id='word_1_182' title='bbox 1042 3373 1225 3458; x_wconf 31' lang='lat' dir='ltr'><strong>*inter</strong></span> <span class='ocrx_word' id='word_1_183' title='bbox 1264 3372 1395 3457; x_wconf 81' lang='lat' dir='ltr'><strong>ipsa</strong></span> <span class='ocrx_word' id='word_1_184' title='bbox 1432 3374 1797 3440; x_wconf 84' lang='lat' dir='ltr'><strong>discrimina</strong></span> <span class='ocrx_word' id='word_1_185' title='bbox 1826 3421 1847 3452; x_wconf 87' lang='lat'><strong>,</strong></span> <span class='ocrx_word' id='word_1_186' title='bbox 1906 3377 2029 3444; x_wconf 89' lang='lat' dir='ltr'><strong>ubi</strong></span> 
     </span>
    </p>

    <p class='ocr_par' dir='ltr' id='par_1_6' title="bbox 1743 3509 1939 3556">
     <span class='ocr_line' id='line_1_29' title="bbox 1743 3509 1939 3556; baseline -0.015 0"><span class='ocrx_word' id='word_1_187' title='bbox 1743 3509 1939 3556; x_wconf 87' lang='lat' dir='ltr'><strong>nemo</strong></span> 
     </span>
    </p>
   </div>
  </div>
 </body>
</html>
