2117 3875
180 262 639 338 DIALOGVS
682 264 801 333 DE
842 258 1414 333 ORATORIBVS
1563 288 1652 352 99

73 446 403 509 orationum
440 440 515 508 ὅτ
545 442 875 507 causarum
906 441 1158 519 studiis,
1191 462 1382 507 omne
1397 448 1648 527 tempus
2048 451 2057 613 ὲ

72 560 233 623 modo
258 556 433 620 circa
462 556 766 621 Medeam
784 601 805 633 ,
848 576 1001 621 ecce
1029 576 1208 621 nunc
1232 557 1406 621 circa
1421 556 1652 643 Thye-

68 672 208 747 sten,
250 669 647 775 consumas?
690 690 844 735 cum
874 678 973 733 tot
998 670 1358 734 amicorum
1393 673 1650 751 causae,
2054 645 2059 727 Ῐ

66 795 147 851 tot
168 786 579 849 coloniarum
606 784 675 849 δε
702 784 1200 867 municipiorum
1221 785 1560 850 clientelae
1581 787 1652 851 in
2056 742 2063 915 ι

64 903 247 964 forum
278 906 561 975 vocent,
590 899 822 982 quibus
854 900 961 963 vix
982 894 1304 962 sufficeres
1319 942 1356 995 ,ι
1385 899 1652 965 etiamst
2062 939 2065 1021 1

64 1035 177 1077 non
214 1034 459 1076 novum
514 1012 635 1077 tibi
676 1012 805 1096 ipse
844 1012 1176 1094 negotium
1217 1011 1648 1096 importaffeS,

62 1125 437 1203 Domitium,
470 1124 914 1196 &Catonemt
960 1126 1168 1202 idest,
1217 1125 1458 1191 nostras
1487 1146 1652 1211 quo-

62 1259 168 1322 que
202 1240 503 1305 historias
523 1286 545 1319 ‚
590 1240 661 1305 &
698 1240 991 1304 Romana
1025 1240 1321 1320 nomina,
1367 1240 1652 1309 Graeco·

68 1375 191 1419 rum
218 1356 460 1421 fabulis
505 1372 911 1439 aggregares.

484 1529 754 1609 Excusat
770 1528 839 1607 se
868 1530 1226 1593 Maternus..

177 1689 305 1759 IV.
346 1692 457 1757 Et
506 1692 824 1755 Maternus
848 1718 867 1751 .·
933 1691 1348 1759 Perturbarer
1373 1690 1494 1759 hac
1531 1700 1650 1761 tua

72 1806 374 1871 severitate
392 1852 413 1885 ,
449 1803 571 1871 nisi
584 1806 887 1889 frequens
922 1804 991 1869 ὅτ
1023 1802 1259 1869 affidua
1289 1806 1473 1871 nobis
1491 1788 1658 1875 con-

81 1920 255 1984 tentio
286 1920 421 2003 jam
455 1941 657 2006 prope
688 1892 759 1983 i'n
786 1918 1315 1985 consuetudinem
1349 1904 1654 1989 vertifl'et.

80 2029 225 2095 N'am
252 2054 371 2098 nec
418 2044 501 2099 tu
543 2035 787 2116 agitare
830 2031 896 2098 &
930 2033 1172 2116 insequi
1205 2043 1426 2118 poetas
1455 2035 1655 2102 inter-

84 2146 299 2224 mittis,
344 2147 417 2212 δι
454 2169 579 2231 ego
606 2194 626 2225 ‚
672 2147 777 2210 cui
819 2143 1118 2212 defidiam
1158 2150 1658 2216 advocationum

83 2259 273 2340 ohiicis
293 2307 310 2337 ‚
344 2261 799 2345 quotidianum
826 2260 949 2324 hoc
976 2263 1410 2344 patrocinium
1433 2265 1659 2330 defen-

86 2373 296 2438 dendae
340 2376 649 2442 adversus
688 2381 755 2438 te
795 2374 1088 2458 poeticae
1131 2397 1426 2442 exerceo.
1503 2377 1656 2453 Quo

84 2483 259 2549 laetor
294 2491 509 2573 magis
536 2535 557 2566 ,
602 2489 889 2554 oblatum
936 2489 1124 2553 nobis
1168 2488 1448 2582 judicem
1472 2536 1492 2569 ‚
1540 2492 1660 2574 qui

90 2616 175 2660 me
200 2602 297 2665 vel
336 2605 406 2695 in
450 2605 741 2688 futurum
775 2609 949 2666 vetet
978 2602 1196 2668 versus
1223 2605 1436 2670 facere
1456 2651 1475 2681 ,
1522 2607 1662 2684 vel,

95 2714 395 2797 quod‘jat‘n
420 2717 670 2801 pridem
701 2724 853 2800 opto
875 2761 895 2792 ,
950 2715 1058 2781 sua
1088 2735 1346 2800 quoque
1375 2715 1665 2783 austori-

94 2829 205 2887 tate
243 2831 618 2916 compellat,
662 2838 739 2893 ut
782 2825 1017 2894 omiffis
1058 2830 1406 2896 forenfium
1444 2832 1666 2894 causa-

100 2954 223 3002 rum
254 2943 552 3026 angustiis
571 2989 592 3021 ,
628 2943 696 3007 in
721 2943 955 3026 quibus
986 2943 1135 3007 satis
1165 2944 1324 3008 mihi
1351 2944 1666 3026 superque

61 3087 64 3092 -
98 3047 357 3120 sudztum
372 3056 463 3122 est
476 3104 496 3135 ‚
528 3053 905 3122 sanctiorem
928 3056 1114 3121 istam
1143 3049 1212 3121 ἃ
1238 3055 1666 3140 angustiorem

104 3162 497 3248 eloquentiam
530 3171 764 3236 colam.
1012 3153 1019 3158 ¹

1351 3505 1498 3574 G2

73 3641 77 3758 ἕ
698 3687 702 3694 “
1408 3629 2046 3770 ἇῧᾶῧέῧὲ

1885 3802 1926 3830 fl
