<?xml version="1.0" encoding="UTF-8"?>
<!DOCTYPE html PUBLIC "-//W3C//DTD XHTML 1.0 Transitional//EN"
    "http://www.w3.org/TR/xhtml1/DTD/xhtml1-transitional.dtd">
<html xmlns="http://www.w3.org/1999/xhtml" xml:lang="en" lang="en">
 <head>
  <title>
</title>
<meta http-equiv="Content-Type" content="text/html;charset=utf-8" />
  <meta name='ocr-system' content='tesseract 3.04.00' />
  <meta name='ocr-capabilities' content='ocr_page ocr_carea ocr_par ocr_line ocrx_word'/>
</head>
<body>
  <div class='ocr_page' id='page_1' title='image "./ccorneliitactio01brotgoog_0173.png"; bbox 0 0 2117 3875; ppageno 0'>
   <div class='ocr_carea' id='block_1_1' title="bbox 146 152 1611 314">
    <p class='ocr_par' dir='ltr' id='par_1_1' title="bbox 146 152 1611 314">
     <span class='ocr_line' id='line_1_1' title="bbox 146 152 1611 314; baseline 0 -23"><span class='ocrx_word' id='word_1_1' title='bbox 146 152 594 291; x_wconf 69' lang='lat' dir='ltr'><strong>mALons</strong></span> <span class='ocrx_word' id='word_1_2' title='bbox 635 220 758 287; x_wconf 85' lang='lat' dir='ltr'><strong>DE</strong></span> <span class='ocrx_word' id='word_1_3' title='bbox 801 217 1371 291; x_wconf 78' lang='lat' dir='ltr'><strong>ORAToRm-vs</strong></span> <span class='ocrx_word' id='word_1_4' title='bbox 1482 228 1611 314; x_wconf 73' lang='lat'><strong>1⁶3</strong></span> 
     </span>
    </p>
   </div>
   <div class='ocr_carea' id='block_1_2' title="bbox 35 396 1686 3330">
    <p class='ocr_par' dir='ltr' id='par_1_2' title="bbox 35 396 1686 3330">
     <span class='ocr_line' id='line_1_2' title="bbox 37 396 1609 491; baseline -0.004 -21"><span class='ocrx_word' id='word_1_5' title='bbox 37 400 318 491; x_wconf 70' lang='lat' dir='ltr'><strong>publicam</strong></span> <span class='ocrx_word' id='word_1_6' title='bbox 333 447 356 478; x_wconf 89' lang='lat'><strong><em>,</em></strong></span> <span class='ocrx_word' id='word_1_7' title='bbox 405 398 791 465; x_wconf 79' lang='lat' dir='ltr'><strong>exercebant</strong></span> <span class='ocrx_word' id='word_1_8' title='bbox 813 404 1036 461; x_wconf 78' lang='lat' dir='ltr'><strong>tamen</strong></span> <span class='ocrx_word' id='word_1_9' title='bbox 1057 396 1323 463; x_wconf 85' lang='lat' dir='ltr'><strong>illorum</strong></span> <span class='ocrx_word' id='word_1_10' title='bbox 1354 406 1609 485; x_wconf 73' lang='lat' dir='ltr'><strong>tempo-</strong></span> 
     </span>
     <span class='ocr_line' id='line_1_3' title="bbox 37 510 1611 599; baseline -0.002 -15"><span class='ocrx_word' id='word_1_11' title='bbox 37 540 154 585; x_wconf 85' lang='lat' dir='ltr'><strong>rum</strong></span> <span class='ocrx_word' id='word_1_12' title='bbox 171 514 610 598; x_wconf 76' lang='lat' dir='ltr'><strong>eloquentiam</strong></span> <span class='ocrx_word' id='word_1_13' title='bbox 624 558 646 589; x_wconf 88' lang='lat'><em>,</em></span> <span class='ocrx_word' id='word_1_14' title='bbox 681 510 752 577; x_wconf 73' lang='grc' dir='ltr'><strong>δι</strong></span> <span class='ocrx_word' id='word_1_15' title='bbox 783 511 1032 595; x_wconf 78' lang='lat' dir='ltr'><strong>magnis</strong></span> <span class='ocrx_word' id='word_1_16' title='bbox 1059 514 1397 579; x_wconf 81' lang='lat' dir='ltr'><strong>cumulare</strong></span> <span class='ocrx_word' id='word_1_17' title='bbox 1422 534 1611 599; x_wconf 82' lang='lat' dir='ltr'><strong>prae·</strong></span> 
     </span>
     <span class='ocr_line' id='line_1_4' title="bbox 36 620 1605 713; baseline 0 -18"><span class='ocrx_word' id='word_1_18' title='bbox 36 633 156 696; x_wconf 84' lang='lat' dir='ltr'><strong>miis</strong></span> <span class='ocrx_word' id='word_1_19' title='bbox 193 620 624 695; x_wconf 77' lang='lat' dir='ltr'><strong>videbantur:</strong></span> <span class='ocrx_word' id='word_1_20' title='bbox 687 623 840 709; x_wconf 78' lang='lat' dir='ltr'><strong>quia</strong></span> <span class='ocrx_word' id='word_1_21' title='bbox 873 632 1121 708; x_wconf 85' lang='lat' dir='ltr'><strong>quanto</strong></span> <span class='ocrx_word' id='word_1_22' title='bbox 1156 626 1423 711; x_wconf 78' lang='lat' dir='ltr'><strong>quisque</strong></span> <span class='ocrx_word' id='word_1_23' title='bbox 1460 631 1605 713; x_wconf 73' lang='lat' dir='ltr'><strong>plus</strong></span> 
     </span>
     <span class='ocr_line' id='line_1_5' title="bbox 37 739 1609 826; baseline -0.001 -17"><span class='ocrx_word' id='word_1_24' title='bbox 37 745 270 811; x_wconf 84' lang='lat' dir='ltr'><strong>dicendo</strong></span> <span class='ocrx_word' id='word_1_25' title='bbox 295 750 557 826; x_wconf 88' lang='lat' dir='ltr'><strong>poterat</strong></span> <span class='ocrx_word' id='word_1_26' title='bbox 572 787 592 817; x_wconf 89' lang='lat'>‚</span> <span class='ocrx_word' id='word_1_27' title='bbox 635 747 819 805; x_wconf 87' lang='lat' dir='ltr'><strong>tanto</strong></span> <span class='ocrx_word' id='word_1_28' title='bbox 842 739 1096 805; x_wconf 83' lang='lat' dir='ltr'><strong>facilius</strong></span> <span class='ocrx_word' id='word_1_29' title='bbox 1118 739 1399 806; x_wconf 83' lang='lat' dir='ltr'><strong>honores</strong></span> <span class='ocrx_word' id='word_1_30' title='bbox 1430 744 1609 809; x_wconf 87' lang='lat' dir='ltr'><strong>adse·-</strong></span> 
     </span>
     <span class='ocr_line' id='line_1_6' title="bbox 35 851 1625 944; baseline 0.002 -23"><span class='ocrx_word' id='word_1_31' title='bbox 35 859 358 944; x_wconf 77' lang='lat' dir='ltr'><strong>quebatur3</strong></span> <span class='ocrx_word' id='word_1_32' title='bbox 419 862 606 937; x_wconf 72' lang='lat' dir='ltr'><strong>tanto</strong></span> <span class='ocrx_word' id='word_1_33' title='bbox 645 852 851 935; x_wconf 84' lang='lat' dir='ltr'><strong>magis</strong></span> <span class='ocrx_word' id='word_1_34' title='bbox 873 900 896 931; x_wconf 90' lang='lat'><em>,</em></span> <span class='ocrx_word' id='word_1_35' title='bbox 939 854 1010 917; x_wconf 89' lang='lat' dir='ltr'><strong>in</strong></span> <span class='ocrx_word' id='word_1_36' title='bbox 1035 851 1181 936; x_wconf 79' lang='lat' dir='ltr'><strong>ipfis</strong></span> <span class='ocrx_word' id='word_1_37' title='bbox 1210 854 1569 923; x_wconf 73' lang='lat' dir='ltr'><strong>honoribus</strong></span> <span class='ocrx_word' id='word_1_38' title='bbox 1580 856 1625 936; x_wconf 72' lang='lat'><strong>,⁹</strong></span> 
     </span>
     <span class='ocr_line' id='line_1_7' title="bbox 35 968 1607 1055; baseline -0.006 -19"><span class='ocrx_word' id='word_1_39' title='bbox 35 973 278 1053; x_wconf 82' lang='lat' dir='ltr'><strong>collegas</strong></span> <span class='ocrx_word' id='word_1_40' title='bbox 302 969 456 1034; x_wconf 88' lang='lat' dir='ltr'><strong>suos</strong></span> <span class='ocrx_word' id='word_1_41' title='bbox 481 969 804 1044; x_wconf 81' lang='lat' dir='ltr'><strong>anteibat3</strong></span> <span class='ocrx_word' id='word_1_42' title='bbox 847 975 1028 1031; x_wconf 84' lang='lat' dir='ltr'><strong>tanto</strong></span> <span class='ocrx_word' id='word_1_43' title='bbox 1053 968 1205 1050; x_wconf 81' lang='lat' dir='ltr'><strong>plus</strong></span> <span class='ocrx_word' id='word_1_44' title='bbox 1234 972 1409 1053; x_wconf 86' lang='lat' dir='ltr'><strong>apud</strong></span> <span class='ocrx_word' id='word_1_45' title='bbox 1427 972 1607 1055; x_wconf 80' lang='lat' dir='ltr'><strong>prin..</strong></span> 
     </span>
     <span class='ocr_line' id='line_1_8' title="bbox 36 1074 1605 1181; baseline 0.002 -33"><span class='ocrx_word' id='word_1_46' title='bbox 36 1088 180 1169; x_wconf 79' lang='lat' dir='ltr'><strong>cipes</strong></span> <span class='ocrx_word' id='word_1_47' title='bbox 209 1083 454 1166; x_wconf 86' lang='lat' dir='ltr'><strong>gratiae</strong></span> <span class='ocrx_word' id='word_1_48' title='bbox 475 1128 495 1159; x_wconf 89' lang='lat'>‚</span> <span class='ocrx_word' id='word_1_49' title='bbox 539 1074 688 1165; x_wconf 71' lang='lat' dir='ltr'><strong>‘plus</strong></span> <span class='ocrx_word' id='word_1_50' title='bbox 715 1078 1118 1153; x_wconf 71' lang='lat' dir='ltr'><strong>au&amp;oritatis</strong></span> <span class='ocrx_word' id='word_1_51' title='bbox 1150 1084 1325 1181; x_wconf 70' lang='lat' dir='ltr'><strong>apud</strong></span> <span class='ocrx_word' id='word_1_52' title='bbox 1354 1092 1605 1167; x_wconf 78' lang='lat' dir='ltr'><strong>patres,</strong></span> 
     </span>
     <span class='ocr_line' id='line_1_9' title="bbox 36 1193 1607 1282; baseline -0.006 -20"><span class='ocrx_word' id='word_1_53' title='bbox 36 1201 152 1281; x_wconf 88' lang='lat' dir='ltr'><strong>plus</strong></span> <span class='ocrx_word' id='word_1_54' title='bbox 190 1196 464 1261; x_wconf 81' lang='lat' dir='ltr'><strong>notitiae</strong></span> <span class='ocrx_word' id='word_1_55' title='bbox 507 1214 583 1259; x_wconf 89' lang='lat' dir='ltr'><strong>ac</strong></span> <span class='ocrx_word' id='word_1_56' title='bbox 613 1193 896 1258; x_wconf 84' lang='lat' dir='ltr'><strong>nominis</strong></span> <span class='ocrx_word' id='word_1_57' title='bbox 931 1195 1101 1279; x_wconf 80' lang='lat' dir='ltr'><strong>apud</strong></span> <span class='ocrx_word' id='word_1_58' title='bbox 1136 1193 1393 1277; x_wconf 81' lang='lat' dir='ltr'><strong>plebem</strong></span> <span class='ocrx_word' id='word_1_59' title='bbox 1418 1215 1607 1282; x_wconf 74' lang='lat' dir='ltr'><strong>para..</strong></span> 
     </span>
     <span class='ocr_line' id='line_1_10' title="bbox 37 1308 1604 1377; baseline 0.001 0"><span class='ocrx_word' id='word_1_60' title='bbox 37 1314 156 1377; x_wconf 81' lang='lat' dir='ltr'><strong>bat:</strong></span> <span class='ocrx_word' id='word_1_61' title='bbox 190 1311 260 1374; x_wconf 88' lang='lat' dir='ltr'><strong>hi</strong></span> <span class='ocrx_word' id='word_1_62' title='bbox 287 1308 612 1373; x_wconf 83' lang='lat' dir='ltr'><strong>clientelis</strong></span> <span class='ocrx_word' id='word_1_63' title='bbox 643 1308 840 1371; x_wconf 83' lang='lat' dir='ltr'><strong>etiam</strong></span> <span class='ocrx_word' id='word_1_64' title='bbox 861 1316 1231 1373; x_wconf 81' lang='lat' dir='ltr'><strong>exterarum</strong></span> <span class='ocrx_word' id='word_1_65' title='bbox 1262 1310 1604 1377; x_wconf 84' lang='lat' dir='ltr'><strong>nationum</strong></span> 
     </span>
     <span class='ocr_line' id='line_1_11' title="bbox 37 1400 1686 1511; baseline 0.002 -25"><span class='ocrx_word' id='word_1_66' title='bbox 37 1424 452 1489; x_wconf 83' lang='lat' dir='ltr'><strong>redundabant</strong></span> <span class='ocrx_word' id='word_1_67' title='bbox 474 1442 495 1485; x_wconf 68' lang='grc' dir='ltr'><strong><em>ε</em></strong></span> <span class='ocrx_word' id='word_1_68' title='bbox 565 1423 686 1486; x_wconf 87' lang='lat' dir='ltr'><strong>hos</strong></span> <span class='ocrx_word' id='word_1_69' title='bbox 709 1421 865 1485; x_wconf 86' lang='lat' dir='ltr'><strong>ituri</strong></span> <span class='ocrx_word' id='word_1_70' title='bbox 891 1421 962 1485; x_wconf 89' lang='lat' dir='ltr'><strong>in</strong></span> <span class='ocrx_word' id='word_1_71' title='bbox 989 1400 1361 1505; x_wconf 56' lang='lat' dir='ltr'><strong>provinciae</strong></span> <span class='ocrx_word' id='word_1_72' title='bbox 1379 1427 1610 1511; x_wconf 80' lang='lat' dir='ltr'><strong>magis-</strong></span> <span class='ocrx_word' id='word_1_73' title='bbox 1680 1474 1686 1481; x_wconf 81' lang='grc'><strong>.</strong></span> 
     </span>
     <span class='ocr_line' id='line_1_12' title="bbox 40 1533 1605 1620; baseline 0.004 -21"><span class='ocrx_word' id='word_1_74' title='bbox 40 1546 210 1601; x_wconf 82' lang='lat' dir='ltr'><strong>tratus</strong></span> <span class='ocrx_word' id='word_1_75' title='bbox 261 1535 724 1602; x_wconf 78' lang='lat' dir='ltr'><strong>reverebantur</strong></span> <span class='ocrx_word' id='word_1_76' title='bbox 751 1580 773 1614; x_wconf 88' lang='lat'>,</span> <span class='ocrx_word' id='word_1_77' title='bbox 827 1536 948 1601; x_wconf 71' lang='lat' dir='ltr'><strong>hoe</strong></span> <span class='ocrx_word' id='word_1_78' title='bbox 999 1533 1231 1620; x_wconf 68' lang='lat' dir='ltr'><strong>revel-fi</strong></span> <span class='ocrx_word' id='word_1_79' title='bbox 1274 1538 1605 1606; x_wconf 82' lang='lat' dir='ltr'><strong>colebant:</strong></span> 
     </span>
     <span class='ocr_line' id='line_1_13' title="bbox 40 1648 1609 1734; baseline 0.003 -21"><span class='ocrx_word' id='word_1_80' title='bbox 40 1652 134 1713; x_wconf 89' lang='lat' dir='ltr'><strong>hos</strong></span> <span class='ocrx_word' id='word_1_81' title='bbox 167 1650 230 1715; x_wconf 85' lang='lat'>&amp;</span> <span class='ocrx_word' id='word_1_82' title='bbox 263 1659 610 1734; x_wconf 85' lang='lat' dir='ltr'><strong>praeturae</strong></span> <span class='ocrx_word' id='word_1_83' title='bbox 647 1648 720 1715; x_wconf 88' lang='lat'>&amp;</span> <span class='ocrx_word' id='word_1_84' title='bbox 756 1648 1125 1713; x_wconf 79' lang='lat' dir='ltr'><strong>consulatus</strong></span> <span class='ocrx_word' id='word_1_85' title='bbox 1158 1670 1391 1715; x_wconf 80' lang='lat' dir='ltr'><strong>vocare</strong></span> <span class='ocrx_word' id='word_1_86' title='bbox 1434 1652 1609 1717; x_wconf 82' lang='lat' dir='ltr'><strong>ultro</strong></span> 
     </span>
     <span class='ocr_line' id='line_1_14' title="bbox 41 1758 1611 1848; baseline 0.002 -21"><span class='ocrx_word' id='word_1_87' title='bbox 41 1764 387 1829; x_wconf 82' lang='lat' dir='ltr'><strong>videbantur</strong></span> <span class='ocrx_word' id='word_1_88' title='bbox 405 1784 428 1829; x_wconf 70' lang='grc' dir='ltr'><em>ε</em></span> <span class='ocrx_word' id='word_1_89' title='bbox 487 1764 556 1828; x_wconf 90' lang='lat' dir='ltr'><strong>hi</strong></span> <span class='ocrx_word' id='word_1_90' title='bbox 585 1784 668 1827; x_wconf 88' lang='lat' dir='ltr'><strong>ne</strong></span> <span class='ocrx_word' id='word_1_91' title='bbox 691 1762 926 1847; x_wconf 78' lang='lat' dir='ltr'><strong>privati</strong></span> <span class='ocrx_word' id='word_1_92' title='bbox 955 1762 1221 1845; x_wconf 86' lang='lat' dir='ltr'><strong>quidem</strong></span> <span class='ocrx_word' id='word_1_93' title='bbox 1252 1758 1383 1827; x_wconf 88' lang='lat' dir='ltr'><strong>fine</strong></span> <span class='ocrx_word' id='word_1_94' title='bbox 1422 1774 1611 1848; x_wconf 83' lang='lat' dir='ltr'><strong>pote-</strong></span> 
     </span>
     <span class='ocr_line' id='line_1_15' title="bbox 43 1873 1607 1962; baseline 0.003 -20"><span class='ocrx_word' id='word_1_95' title='bbox 43 1876 174 1942; x_wconf 81' lang='lat' dir='ltr'><strong>state</strong></span> <span class='ocrx_word' id='word_1_96' title='bbox 211 1887 391 1944; x_wconf 81' lang='lat' dir='ltr'><strong>erant</strong></span> <span class='ocrx_word' id='word_1_97' title='bbox 412 1925 435 1958; x_wconf 86' lang='lat'><strong>,</strong></span> <span class='ocrx_word' id='word_1_98' title='bbox 499 1896 648 1942; x_wconf 85' lang='lat' dir='ltr'><strong>cum</strong></span> <span class='ocrx_word' id='word_1_99' title='bbox 693 1874 764 1942; x_wconf 73' lang='grc' dir='ltr'><strong>ὅτ</strong></span> <span class='ocrx_word' id='word_1_100' title='bbox 806 1874 1164 1962; x_wconf 78' lang='lat' dir='ltr'><strong>populum,</strong></span> <span class='ocrx_word' id='word_1_101' title='bbox 1220 1873 1287 1942; x_wconf 77' lang='grc' dir='ltr'><strong>δι</strong></span> <span class='ocrx_word' id='word_1_102' title='bbox 1316 1876 1607 1946; x_wconf 81' lang='lat' dir='ltr'><strong>senatum</strong></span> 
     </span>
     <span class='ocr_line' id='line_1_16' title="bbox 40 1989 1606 2074; baseline 0.004 -22"><span class='ocrx_word' id='word_1_103' title='bbox 40 1990 266 2056; x_wconf 83' lang='lat' dir='ltr'><strong>eonfflio</strong></span> <span class='ocrx_word' id='word_1_104' title='bbox 301 1992 370 2058; x_wconf 72' lang='grc' dir='ltr'><strong>δι</strong></span> <span class='ocrx_word' id='word_1_105' title='bbox 409 1989 800 2058; x_wconf 61' lang='lat' dir='ltr'><strong>auctoritate</strong></span> <span class='ocrx_word' id='word_1_106' title='bbox 839 1989 1176 2072; x_wconf 71' lang='lat' dir='ltr'><strong>regerent:</strong></span> <span class='ocrx_word' id='word_1_107' title='bbox 1222 1991 1606 2074; x_wconf 81' lang='lat' dir='ltr'><strong>quinimmo</strong></span> 
     </span>
     <span class='ocr_line' id='line_1_17' title="bbox 43 2100 1614 2191; baseline 0.004 -23"><span class='ocrx_word' id='word_1_108' title='bbox 43 2103 140 2169; x_wconf 89' lang='lat' dir='ltr'><strong>fibi</strong></span> <span class='ocrx_word' id='word_1_109' title='bbox 167 2103 270 2189; x_wconf 82' lang='lat' dir='ltr'><strong>ipfi</strong></span> <span class='ocrx_word' id='word_1_110' title='bbox 293 2105 768 2191; x_wconf 86' lang='lat' dir='ltr'><strong>persuaserant,</strong></span> <span class='ocrx_word' id='word_1_111' title='bbox 795 2103 1120 2170; x_wconf 78' lang='lat' dir='ltr'><strong>nerninem</strong></span> <span class='ocrx_word' id='word_1_112' title='bbox 1144 2100 1275 2168; x_wconf 88' lang='lat' dir='ltr'><strong>fine</strong></span> <span class='ocrx_word' id='word_1_113' title='bbox 1298 2106 1614 2191; x_wconf 84' lang='lat' dir='ltr'><strong>eloquen-</strong></span> 
     </span>
     <span class='ocr_line' id='line_1_18' title="bbox 44 2215 1609 2305; baseline 0.005 -26"><span class='ocrx_word' id='word_1_114' title='bbox 44 2219 120 2281; x_wconf 78' lang='lat' dir='ltr'><strong>tia</strong></span> <span class='ocrx_word' id='word_1_115' title='bbox 153 2227 256 2284; x_wconf 88' lang='lat' dir='ltr'><strong>aut</strong></span> <span class='ocrx_word' id='word_1_116' title='bbox 295 2219 564 2305; x_wconf 81' lang='lat' dir='ltr'><strong>adsequi</strong></span> <span class='ocrx_word' id='word_1_117' title='bbox 602 2215 776 2303; x_wconf 74' lang='lat' dir='ltr'><strong>poffe</strong></span> <span class='ocrx_word' id='word_1_118' title='bbox 811 2219 884 2282; x_wconf 89' lang='lat' dir='ltr'><strong>in</strong></span> <span class='ocrx_word' id='word_1_119' title='bbox 919 2217 1219 2296; x_wconf 81' lang='lat' dir='ltr'><strong>civitate,</strong></span> <span class='ocrx_word' id='word_1_120' title='bbox 1278 2227 1393 2286; x_wconf 86' lang='lat' dir='ltr'><strong>aut</strong></span> <span class='ocrx_word' id='word_1_121' title='bbox 1433 2223 1609 2288; x_wconf 85' lang='lat' dir='ltr'><strong>tueri</strong></span> 
     </span>
     <span class='ocr_line' id='line_1_19' title="bbox 47 2329 1611 2416; baseline 0.006 -24"><span class='ocrx_word' id='word_1_122' title='bbox 47 2332 423 2416; x_wconf 82' lang='lat' dir='ltr'><strong>conspicuum</strong></span> <span class='ocrx_word' id='word_1_123' title='bbox 457 2329 528 2399; x_wconf 74' lang='grc' dir='ltr'><strong>δι</strong></span> <span class='ocrx_word' id='word_1_124' title='bbox 563 2333 954 2398; x_wconf 79' lang='lat' dir='ltr'><strong>eminentem</strong></span> <span class='ocrx_word' id='word_1_125' title='bbox 991 2331 1213 2397; x_wconf 80' lang='lat' dir='ltr'><strong>locum</strong></span> <span class='ocrx_word' id='word_1_126' title='bbox 1244 2353 1265 2398; x_wconf 70' lang='grc' dir='ltr'><strong>ε</strong></span> <span class='ocrx_word' id='word_1_127' title='bbox 1332 2355 1453 2400; x_wconf 89' lang='lat' dir='ltr'><strong>nec</strong></span> <span class='ocrx_word' id='word_1_128' title='bbox 1486 2337 1611 2400; x_wconf 85' lang='lat' dir='ltr'><strong>mi-</strong></span> 
     </span>
     <span class='ocr_line' id='line_1_20' title="bbox 45 2439 1617 2532; baseline 0.005 -26"><span class='ocrx_word' id='word_1_129' title='bbox 45 2464 197 2523; x_wconf 82' lang='lat' dir='ltr'><strong>rum,</strong></span> <span class='ocrx_word' id='word_1_130' title='bbox 235 2467 389 2513; x_wconf 86' lang='lat' dir='ltr'><strong>cum</strong></span> <span class='ocrx_word' id='word_1_131' title='bbox 419 2448 616 2514; x_wconf 81' lang='lat' dir='ltr'><strong>etiam·</strong></span> <span class='ocrx_word' id='word_1_132' title='bbox 642 2439 828 2511; x_wconf 87' lang='lat' dir='ltr'><strong>inviti</strong></span> <span class='ocrx_word' id='word_1_133' title='bbox 855 2446 940 2511; x_wconf 86' lang='lat' dir='ltr'><strong>ad</strong></span> <span class='ocrx_word' id='word_1_134' title='bbox 963 2448 1279 2530; x_wconf 86' lang='lat' dir='ltr'><strong>populum</strong></span> <span class='ocrx_word' id='word_1_135' title='bbox 1302 2450 1617 2532; x_wconf 84' lang='lat' dir='ltr'><strong>produce·</strong></span> 
     </span>
     <span class='ocr_line' id='line_1_21' title="bbox 47 2556 1618 2645; baseline 0.006 -27"><span class='ocrx_word' id='word_1_136' title='bbox 47 2568 240 2623; x_wconf 89' lang='lat' dir='ltr'><strong>rentur</strong></span> <span class='ocrx_word' id='word_1_137' title='bbox 261 2581 282 2624; x_wconf 72' lang='grc' dir='ltr'><strong>ε</strong></span> <span class='ocrx_word' id='word_1_138' title='bbox 327 2581 480 2627; x_wconf 88' lang='lat' dir='ltr'><strong>cum</strong></span> <span class='ocrx_word' id='word_1_139' title='bbox 507 2579 734 2645; x_wconf 85' lang='lat' dir='ltr'><strong>parum</strong></span> <span class='ocrx_word' id='word_1_140' title='bbox 765 2556 956 2637; x_wconf 80' lang='lat' dir='ltr'><strong>effet,</strong></span> <span class='ocrx_word' id='word_1_141' title='bbox 991 2558 1303 2630; x_wconf 70' lang='lat' dir='ltr'><strong>insenatu</strong></span> <span class='ocrx_word' id='word_1_142' title='bbox 1335 2563 1618 2630; x_wconf 86' lang='lat' dir='ltr'><strong>breviter</strong></span> 
     </span>
     <span class='ocr_line' id='line_1_22' title="bbox 52 2666 1621 2758; baseline 0.008 -26"><span class='ocrx_word' id='word_1_143' title='bbox 52 2673 276 2740; x_wconf 84' lang='lat' dir='ltr'><strong>censere</strong></span> <span class='ocrx_word' id='word_1_144' title='bbox 298 2721 318 2752; x_wconf 92' lang='lat'>‚</span> <span class='ocrx_word' id='word_1_145' title='bbox 363 2674 479 2740; x_wconf 83' lang='lat' dir='ltr'><strong>nifi</strong></span> <span class='ocrx_word' id='word_1_146' title='bbox 517 2675 632 2758; x_wconf 90' lang='lat' dir='ltr'><strong>qui</strong></span> <span class='ocrx_word' id='word_1_147' title='bbox 667 2672 926 2756; x_wconf 86' lang='lat' dir='ltr'><strong>ingenio</strong></span> <span class='ocrx_word' id='word_1_148' title='bbox 963 2666 1032 2736; x_wconf 68' lang='grc' dir='ltr'><strong>ὅ(</strong></span> <span class='ocrx_word' id='word_1_149' title='bbox 1068 2672 1437 2755; x_wconf 81' lang='lat' dir='ltr'><strong>eloquentia</strong></span> <span class='ocrx_word' id='word_1_150' title='bbox 1478 2677 1621 2744; x_wconf 84' lang='lat' dir='ltr'><strong>sen-</strong></span> 
     </span>
     <span class='ocr_line' id='line_1_23' title="bbox 49 2783 1623 2871; baseline 0.006 -25"><span class='ocrx_word' id='word_1_151' title='bbox 49 2788 294 2851; x_wconf 83' lang='lat' dir='ltr'><strong>tentiam</strong></span> <span class='ocrx_word' id='word_1_152' title='bbox 327 2791 508 2854; x_wconf 86' lang='lat' dir='ltr'><strong>suam</strong></span> <span class='ocrx_word' id='word_1_153' title='bbox 539 2795 876 2853; x_wconf 82' lang='lat' dir='ltr'><strong>tueretur:</strong></span> <span class='ocrx_word' id='word_1_154' title='bbox 922 2805 1073 2850; x_wconf 87' lang='lat' dir='ltr'><strong>cum</strong></span> <span class='ocrx_word' id='word_1_155' title='bbox 1100 2786 1169 2848; x_wconf 90' lang='lat' dir='ltr'><strong>in</strong></span> <span class='ocrx_word' id='word_1_156' title='bbox 1201 2783 1487 2871; x_wconf 81' lang='lat' dir='ltr'><strong>aliquam</strong></span> <span class='ocrx_word' id='word_1_157' title='bbox 1514 2791 1623 2856; x_wconf 85' lang='lat' dir='ltr'><strong>in·-</strong></span> 
     </span>
     <span class='ocr_line' id='line_1_24' title="bbox 49 2879 1623 2990; baseline 0.006 -32"><span class='ocrx_word' id='word_1_158' title='bbox 49 2899 268 2990; x_wconf 23' lang='lat' dir='ltr'><strong>‘vidiam</strong></span> <span class='ocrx_word' id='word_1_159' title='bbox 299 2912 413 2968; x_wconf 89' lang='lat' dir='ltr'><strong>aut</strong></span> <span class='ocrx_word' id='word_1_160' title='bbox 433 2902 688 2966; x_wconf 83' lang='lat' dir='ltr'><strong>crimen</strong></span> <span class='ocrx_word' id='word_1_161' title='bbox 724 2899 970 2977; x_wconf 86' lang='lat' dir='ltr'><strong>vocati,</strong></span> <span class='ocrx_word' id='word_1_162' title='bbox 1015 2899 1125 2964; x_wconf 84' lang='lat' dir='ltr'><strong>sua</strong></span> <span class='ocrx_word' id='word_1_163' title='bbox 1165 2913 1328 2965; x_wconf 83' lang='lat' dir='ltr'><strong>voce</strong></span> <span class='ocrx_word' id='word_1_164' title='bbox 1362 2879 1623 2985; x_wconf 66' lang='lat' dir='ltr'><strong>resp‘on·</strong></span> 
     </span>
     <span class='ocr_line' id='line_1_25' title="bbox 55 3010 1625 3109; baseline 0.007 -39"><span class='ocrx_word' id='word_1_165' title='bbox 55 3010 304 3078; x_wconf 83' lang='lat' dir='ltr'><strong>dendum</strong></span> <span class='ocrx_word' id='word_1_166' title='bbox 321 3018 632 3083; x_wconf 84' lang='lat' dir='ltr'><strong>haberent</strong></span> <span class='ocrx_word' id='word_1_167' title='bbox 646 3061 664 3092; x_wconf 89' lang='lat'>,</span> <span class='ocrx_word' id='word_1_168' title='bbox 712 3034 861 3080; x_wconf 84' lang='lat' dir='ltr'><strong>cum</strong></span> <span class='ocrx_word' id='word_1_169' title='bbox 885 3012 1247 3109; x_wconf 65' lang='lat' dir='ltr'><strong>testifnonia</strong></span> <span class='ocrx_word' id='word_1_170' title='bbox 1270 3034 1533 3098; x_wconf 90' lang='lat' dir='ltr'><strong>quoque</strong></span> <span class='ocrx_word' id='word_1_171' title='bbox 1554 3018 1625 3082; x_wconf 87' lang='lat' dir='ltr'><strong>in</strong></span> 
     </span>
     <span class='ocr_line' id='line_1_26' title="bbox 61 3126 1623 3210; baseline 0.005 -24"><span class='ocrx_word' id='word_1_172' title='bbox 61 3126 306 3202; x_wconf 81' lang='lat' dir='ltr'><strong>publicis</strong></span> <span class='ocrx_word' id='word_1_173' title='bbox 327 3151 453 3193; x_wconf 90' lang='lat' dir='ltr'><strong>non</strong></span> <span class='ocrx_word' id='word_1_174' title='bbox 480 3129 805 3205; x_wconf 69' lang='lat' dir='ltr'><strong>absentee,</strong></span> <span class='ocrx_word' id='word_1_175' title='bbox 840 3145 960 3192; x_wconf 86' lang='lat' dir='ltr'><strong>nec</strong></span> <span class='ocrx_word' id='word_1_176' title='bbox 984 3147 1100 3210; x_wconf 87' lang='lat' dir='ltr'><strong>per</strong></span> <span class='ocrx_word' id='word_1_177' title='bbox 1120 3127 1417 3196; x_wconf 80' lang='lat' dir='ltr'><strong>tabellam</strong></span> <span class='ocrx_word' id='word_1_178' title='bbox 1448 3133 1623 3208; x_wconf 83' lang='lat' dir='ltr'><strong>dare,</strong></span> 
     </span>
     <span class='ocr_line' id='line_1_27' title="bbox 65 3233 1625 3330; baseline 0.006 -32"><span class='ocrx_word' id='word_1_179' title='bbox 65 3233 152 3298; x_wconf 86' lang='lat' dir='ltr'><strong>sed</strong></span> <span class='ocrx_word' id='word_1_180' title='bbox 194 3260 398 3306; x_wconf 87' lang='lat' dir='ltr'><strong>coram</strong></span> <span class='ocrx_word' id='word_1_181' title='bbox 439 3243 508 3308; x_wconf 74' lang='grc' dir='ltr'><strong>δι</strong></span> <span class='ocrx_word' id='word_1_182' title='bbox 548 3242 909 3327; x_wconf 80' lang='lat' dir='ltr'><strong>praesentes</strong></span> <span class='ocrx_word' id='word_1_183' title='bbox 961 3243 1175 3304; x_wconf 89' lang='lat' dir='ltr'><strong>dicere</strong></span> <span class='ocrx_word' id='word_1_184' title='bbox 1216 3252 1625 3330; x_wconf 75' lang='lat' dir='ltr'><strong>cogerentur.</strong></span> 
     </span>
    </p>
   </div>
   <div class='ocr_carea' id='block_1_3' title="bbox 69 3345 1631 3534">
    <p class='ocr_par' dir='ltr' id='par_1_3' title="bbox 69 3345 1631 3534">
     <span class='ocr_line' id='line_1_28' title="bbox 69 3345 1631 3454; baseline 0.007 -43"><span class='ocrx_word' id='word_1_185' title='bbox 69 3345 156 3411; x_wconf 86' lang='lat' dir='ltr'><strong>Ita</strong></span> <span class='ocrx_word' id='word_1_186' title='bbox 203 3356 280 3454; x_wconf 80' lang='lat' dir='ltr'><strong>ad</strong></span> <span class='ocrx_word' id='word_1_187' title='bbox 321 3355 564 3420; x_wconf 82' lang='lat' dir='ltr'><strong>summa</strong></span> <span class='ocrx_word' id='word_1_188' title='bbox 603 3354 1012 3438; x_wconf 87' lang='lat' dir='ltr'><strong>eloquentiae</strong></span> <span class='ocrx_word' id='word_1_189' title='bbox 1055 3356 1344 3437; x_wconf 77' lang='lat' dir='ltr'><strong>praemia</strong></span> <span class='ocrx_word' id='word_1_190' title='bbox 1399 3377 1631 3440; x_wconf 83' lang='lat' dir='ltr'><strong>magna</strong></span> 
     </span>
     <span class='ocr_line' id='line_1_29' title="bbox 1235 3467 1375 3534; baseline 0.021 -3"><span class='ocrx_word' id='word_1_191' title='bbox 1235 3467 1289 3532; x_wconf 94' lang='lat' dir='ltr'>L</span> <span class='ocrx_word' id='word_1_192' title='bbox 1332 3491 1375 3534; x_wconf 86' lang='lat'><em>2</em></span> 
     </span>
    </p>
   </div>
  </div>
 </body>
</html>
