2117 3875
515 196 1287 273 GERMANIA
1648 202 1701 285 3

51 400 230 447 narn
270 379 406 463 ipso
469 390 666 445 cantu
713 356 1148 463 augurantur:
1216 383 1457 443 terrent
1490 376 1691 455 enim,

49 496 488 577 trepidantve
506 539 528 570 ‚
589 504 786 578 prout
820 493 1028 557 sonuit
1072 492 1268 557 acies.
1370 488 1509 555 Nec
1552 498 1689 569 tam

62 628 272 672 voces
297 609 492 683 inae,
535 627 736 690 quam
763 606 1016 671 virtutis
1044 610 1419 679 concentuS,
1466 604 1691 669 viden·-

61 704 218 783 tur:
264 718 632 785 adfectatur
665 721 1006 804 praecipue
1047 718 1350 801 asperitas
1394 716 1561 792 soni,
1614 714 1687 781 δε

57 830 356 898 fractum
377 854 705 910 murmur,
747 830 1015 915 objeffis
1055 834 1139 895 ad
1174 852 1247 893 os
1282 830 1512 905 scutis„
1559 848 1686 910 quo

51 948 330 1028 plenior
353 946 428 1012 &
454 948 710 1030 gravior
741 968 868 1011 vox
895 942 1255 1031 repercuffu
1283 940 1687 1009 intumescat.

47 1059 386 1123 Ceterum
427 1059 502 1125 &
557 1064 606 1098 ‘⁸
625 1060 933 1125 Ulixem”
985 1059 1249 1142 quidam
1298 1057 1683 1141 opinantur,

47 1172 331 1254 “imago
367 1174 482 1237 illo
511 1172 582 1239 &
611 1172 896 1237 fabuloso
925 1191 1143 1237 errore
1174 1172 1239 1235 in
1269 1171 1439 1235 hunc
1470 1170 1681 1235 Ocea·-

45 1307 230 1350 num
257 1287 568 1363 delatum,
615 1284 810 1351 adifl‘e
829 1282 1211 1349 Germaniae
1229 1294 1454 1359 terrac,
1498 1281 1681 1346 Asci-

43 1400 524 1483 burgiumque,
563 1401 771 1483 quod,
815 1398 884 1463 in
903 1398 1044 1481 ripa
1067 1396 1279 1463 Rheni
1304 1396 1513 1471 litum,
1557 1396 1677 1459 ho·-

39 1513 306 1595 dieque
340 1514 683 1590 incolitur,
727 1512 941 1579 abillo
968 1512 1417 1585 constitutum,
1460 1506 1672 1571 nomi-

39 1606 1033 1709 natuinqueAmeTPrION.
1079 1624 1281 1689 Aram
1302 1621 1459 1704 quin
1472 1606 1673 1685 etiam.

41 1737 250 1803 Ulixi
309 1738 776 1811 consecratam,
851 1734 1100 1821 adjefto
1150 1736 1420 1799 Laertae
1448 1730 1673 1815 patris

45 1852 334 1916 nomine
361 1897 386 1928 ,
437 1854 667 1916 eodem
715 1850 860 1913 loco
903 1850 1065 1913 olim
1112 1856 1467 1931 repertam:
1531 1862 1671 1907 mo-

39 1973 503 2048 numentaque
524 2011 544 2042 ,
587 1962 658 2029 <St
693 1963 980 2028 tumulos
1015 1963 1313 2045 quosdam
1335 2007 1355 2036 ,
1402 1956 1671 2024 Graecis

31 2079 272 2143 literis
301 2078 652 2161 inscriptos,
701 2079 767 2140 i'n
795 2075 1074 2139 confinio
1092 2073 1475 2140 Germaniae
1499 2072 1668 2135 Rae-

31 2191 326 2274 tiaeque
361 2192 570 2256 adhuc
594 2191 836 2256 exstare
853 2193 927 2253 ”t
989 2207 1155 2270 quae
1188 2209 1397 2268 neque
1432 2183 1667 2249 confir-

37 2325 242 2368 mare
277 2304 672 2386 argumentis
691 2349 713 2382 ,
769 2319 978 2388 neque
1017 2303 1310 2369 refellere
1350 2302 1415 2364 in
1448 2299 1661 2363 animo

33 2417 142 2481 est
159 2438 180 2480 t
234 2440 321 2481 ex
346 2418 602 2500 ingenio
633 2417 740 2483 suo
767 2417 1026 2502 quisque
1051 2419 1298 2493 demat,
1344 2415 1451 2480 vel
1472 2413 1664 2477 addat

29 2530 279 2595 fidem„

569 2647 888 2724 Corporum
922 2643 1184 2704 habitus.

184 2705 335 2818 IV.
380 2754 521 2838 Ipse
553 2777 775 2822 eorum
801 2754 1207 2840 opinionibus
1229 2752 1459 2816 accedo
1482 2795 1500 2828 ,
1550 2745 1662 2831 qui

37 2864 512 2932 “Germaniae
553 2870 822 2952 populos
853 2868 1046 2932 nullis
1082 2867 1225 2930 aliis
1255 2865 1521 2928 aliarum
1548 2879 1663 2924 na-

35 2978 316 3044 tionum
345 2961 638 3044 conubiis
675 2980 981 3056 infeGmS,
1023 2979 1385 3065 propriam,
1432 2973 1501 3037 &
1538 2970 1665 3035 fin-

39 3113 317 3169 ceram,
375 3091 448 3156 &
478 3101 732 3156 tanturn
769 3093 860 3156 sui
893 3091 1161 3156 similem
1188 3095 1445 3170 gentem
1474 3084 1665 3150 exsti-

39 3205 192 3270 tiss‘e
219 3209 256 3232 ”
305 3206 719 3270 arbitrantur.
841 3206 1026 3270 Unde
1086 3201 1342 3268 habitus
1407 3213 1691 3282 quoque.

39 3303 401 3402 corporum
429 3364 454 3400 ,
533 3337 920 3406 quamquam
957 3318 1042 3381 -in
1093 3323 1273 3378 tanto
1328 3315 1661 3379 hominum

1155 3426 1307 3515 Aa

1784 628 1835 695 9
