2117 3875
203 270 650 341 DIALOGVS
697 272 815 341 DE
861 268 1439 341 ORATORIBVS
1512 272 1677 365 '131

93 446 306 513 mavult
327 446 627 522 nomine,
666 444 980 528 appellet:
1029 448 1384 515 dummodo
1416 451 1487 517 in
1516 474 1677 520 con-

86 560 216 627 feffo
261 558 336 623 fit
359 606 384 641 ‚
443 560 946 624 eminentiorem
991 560 1256 627 illorum
1301 573 1677 651 temporum

87 674 503 757 eloquentiam
533 672 746 739 fuifi‘e.
805 672 906 737 Ne
932 674 1028 738 illi
1057 675 1327 759 quidem
1352 682 1523 763 parti
1548 682 1680 748 ser-

83 788 270 851 monis
308 786 446 869 ejus
492 806 830 871 repugnO,
877 784 924 849 fi
967 806 1099 870 quo
1142 790 1363 855 minus
1402 795 1677 875 fatetur,

83 875 272 986 pluree
300 902 550 966 fortnas
574 901 830 967 dicendi
871 900 1073 965 etiam
1116 903 1339 968 iisdem
1372 906 1679 989 saeculis,

82 1018 294 1079 nedum
323 1012 628 1091 diversm,
667 1012 990 1079 exstitiffe.
1035 1012 1166 1081 Sed
1193 1037 1327 1101 quo
1350 1023 1545 1085 modo
1574 1023 1679 1088 in-

84 1138 168 1192 ter
196 1128 450 1192 Atticos
490 1138 784 1193 oratores
825 1128 1073 1211 primae
1105 1130 1520 1199 Demostheni
1555 1136 1679 1201 tri-

84 1244 373 1317 buuntur,
403 1242 782 1325 proximum
815 1252 1038 1308 autem
1059 1245 1277 1307 locum
1298 1245 1677 1329 Aeschines,

90 1355 145 1419 &
176 1356 576 1440 Hyperides,
621 1355 694 1421 &
721 1354 945 1447 Lyfias
965 1404 985 1435 ,
1022 1356 1095 1421 δε
1126 1352 1470 1445 Lycurg‘us
1508 1365 1682 1430 obti-

91 1480 261 1547 nent,
301 1472 609 1536 omnium
648 1461 870 1535 antem
910 1470 1213 1536 consensu
1252 1472 1413 1539 haec
1456 1488 1679 1544 orato-

90 1606 211 1649 rum
249 1592 428 1649 aetas
471 1578 758 1649 maxime
792 1586 1103 1669 probatur
1132 1606 1153 1649 t
1196 1582 1301 1659 ‘fic
1342 1592 1519 1671 apud
1558 1612 1680 1657 nos

97 1700 289 1763 Cicero
317 1700 588 1782 quidem
615 1706 871 1763 ceteros
901 1700 1279 1764 eorumdem
1308 1708 1685 1787 temporum

94 1812 329 1876 disertos
357 1801 726 1877 antecellit:
765 1811 1008 1878 Calvus
1032 1821 1252 1897 autem
1268 1860 1288 1891 ,
1314 1812 1383 1880 &
1401 1814 1685 1898 Afiniu8‚

102 1925 158 1991 &
187 1926 433 2006 Caesar,
483 1925 551 1992 &
585 1927 893 2004 Coelius,
942 1924 1010 1992 &
1044 1928 1321 2007 Brutus,
1365 1928 1475 1996 suo
1496 1930 1684 2016 jure,

99 2040 159 2104 δι
187 2043 540 2126 prioribus,
591 2039 662 2107 &
701 2042 1117 2125 sequentibus
1148 2052 1681 2128 anteponuntur:

97 2175 198 2220 nec
222 2158 417 2222 refert
435 2202 457 2233 ,
490 2157 848 2240 quodinter
863 2157 929 2220 fe
947 2156 1151 2240 specie
1180 2153 1518 2238 differant,
1535 2181 1688 2228 cum

99 2290 306 2351 genere
340 2267 766 2336 consentiant.
823 2263 1207 2335 Adstriffior
1238 2270 1515 2351 CalvuS,
1560 2297 1692 2341 nu-

97 2383 376 2450 merofior
417 2383 682 2450 Afinius
711 2430 730 2462 ,
774 2383 1161 2470 splendidior
1202 2383 1465 2464 Caesar,
1507 2405 1693 2452 ama-

101 2495 214 2561 rior
233 2499 492 2566 Coelius
516 2545 537 2576 ,
579 2483 838 2582 gravior
859 2502 1115 2584 ,Brutus
1137 2546 1157 2577 ,
1204 2499 1688 2581 vehementior,

101 2609 162 2676 ὅ(
201 2613 447 2696 plenior
474 2660 493 2690 ‚
547 2613 620 2678 ὅ(
650 2614 968 2678 valentior
997 2611 1268 2691 Cicer03
1322 2634 1551 2680 omnes
1591 2623 1697 2680 ta-

102 2741 234 2790 men
274 2731 570 2793 eamdem
607 2727 946 2792 sanitatem
987 2728 1401 2811 eloquentiae
1430 2729 1651 2795 ferunt
1668 2749 1692 2793 t

109 2849 176 2901 ut
203 2839 252 2904 fi
284 2843 582 2906 omnium
623 2841 866 2925 pariter
893 2841 1095 2906 libros
1132 2843 1202 2904 in
1242 2861 1475 2905 manus
1522 2843 1699 2908 sum·-

107 2951 320 3035 pseris,
377 2955 579 3032 scias,
636 2957 933 3039 quamvis
979 2957 1049 3020 in
1084 2953 1347 3019 diversis
1382 2956 1697 3034 ingeniis,

115 3065 221 3132 efl'e
249 3071 595 3152 quamdam
622 3067 857 3151 indicii
893 3055 970 3132 ac
1012 3069 1375 3134 voluntatis
1408 3068 1707 3134 fimilitu·

111 3180 306 3246 dinem
339 3184 408 3248 &
451 3185 930 3266 cognationem.
993 3181 1161 3248 Nam
1209 3183 1383 3265 quod
1423 3170 1706 3248 invicem

114 3291 170 3356 se
185 3297 704 3363 obtrestaverunt
721 3345 742 3374 ‚
777 3295 846 3362 &
872 3297 1018 3360 sunt
1040 3292 1261 3378 aliqua
1284 3295 1567 3380 epistolis
1594 3317 1710 3362 eo-

123 3425 253 3474 rum
289 3413 524 3478 inserta
563 3457 586 3492 ,
637 3431 725 3477 ex
772 3411 1016 3495 quibus
1065 3419 1299 3475 mutua
1340 3412 1713 3494 malignitas

1391 3525 1427 3589 I
1473 3544 1517 3592 2
