2117 3875
225 208 684 281 mALons
729 155 870 277 DE'
895 208 1467 322 0R4T0R1ssvs
1581 227 1711 297 135

89 390 307 474 inquit
336 393 692 465 Maternus,
740 386 812 453 &
853 408 1002 454 eum
1039 389 1121 453 de
1156 386 1441 469 antiquis
1480 387 1711 471 loqua-

83 506 214 581 τίς,
259 511 450 568 utere
475 503 748 586 antiqua
775 503 1112 621 libertate,
1146 520 1186 565 a
1212 520 1343 585 qua
1372 501 1479 567 vel
1500 501 1713 585 magis

79 617 656 701 degeneravimus,
701 638 902 701 quam
937 619 1016 683 ab
1027 577 1449 701 eloquentia.

88 744 322 821 Causas
351 762 488 821 ergo
508 777 531 815 ,
577 762 682 801 cur
713 746 1044 821 eloquentia
1090 762 1431 821 ceteraeque
1457 759 1621 802 artes
1666 760 1711 801 a
1758 770 1769 787 ·

77 872 284 915 vetere
317 856 518 932 gloria
556 852 912 934 desciverint
935 893 958 929 ,
1013 854 1223 936 adfert
1252 854 1541 935 Messala,
1604 851 1709 913 de·-

159 966 390 1044 fidiam
412 969 790 1043 juventutis,
821 970 1243 1046 negligentiam
1268 984 1621 1045 parentum,

291 1080 672 1160 inscientiam
691 1082 1201 1161 praecipientium
1218 1118 1239 1155 2
1266 1076 1337 1147 ό·
1356 1080 1509 1141 obli-

525 1196 759 1255 vionem
789 1198 976 1255 moris
1006 1196 1268 1272 antiqui.

217 1307 620 1375 XXVIII.
682 1310 770 1374 Et
797 1312 1085 1392 Meffala‚
1128 1330 1261 1376 non
1300 1307 1709 1383 reconditas,

85 1426 418 1500 Materne,
467 1424 685 1489 causas
724 1424 1033 1509 requirIS,
1059 1444 1200 1489 -nec
1249 1433 1363 1487 aut
1396 1422 1515 1487 tibi
1555 1418 1705 1506 ipfi,

84 1547 208 1603 aut
251 1539 413 1603 huic
461 1535 795 1616 Secundo,
817 1538 948 1605 'vel
987 1540 1147 1605 huic
1192 1538 1375 1623 Apro
1416 1538 1707 1620 ignotas,

83 1650 334 1716 etiamfi
380 1652 541 1716 mihi
586 1662 802 1737 partes
841 1652 1183 1737 adfignatis
1224 1652 1593 1740 proferendi
1638 1650 1707 1712 in

79 1768 409 1844 medium,
459 1786 624 1849 quae
667 1788 896 1833 omnes
931 1767 1263 1833 sentimum
1330 1766 1503 1843 Quis
1534 1762 1709 1828 enim

80 1883 346 1965 ignorat
375 1880 443 1948 &
471 1876 946 1966 eloquentiam,
979 1881 1048 1948 &
1076 1888 1327 1948 ceteras
1359 1890 1561 1955 arta,
1594 1877 1708 1940 de··

81 1996 331 2062 scivifl'e
369 1999 450 2062 ab
494 1995 608 2060 ista
635 2007 856 2062 vetere
891 1997 1133 2081 gloria,
1177 2016 1309 2060 non
1336 1994 1554 2077 inopia
1582 1993 1706 2056 ho-

83 2112 384 2189 minum,
429 2110 534 2178 sed
569 2111 802 2178 defidia
833 2110 1229 2199 juventutis,
1274 2107 1345 2176 δι
1376 2109 1709 2192 negligen-

78 2227 179 2288 tia
219 2233 601 2309 parentum,
649 2225 718 2292 ὅ(
760 2227 1094 2292 inscientia
1137 2223 1673 2311 praecipientium
1688 2267 1712 2298 ,-

85 2339 160 2404 &
207 2339 538 2404 oblivione
569 2339 769 2405 moris
811 2339 1117 2425 antiqui?
1179 2359 1349 2434 quae
1380 2339 1553 2406 mala
1576 2335 1711 2420 pri-

83 2475 274 2518 mum
315 2455 386 2518 in
427 2451 601 2520 Urbe
635 2464 838 2543 nata,
883 2477 1036 2524 mox
1074 2475 1189 2540 per
1232 2455 1495 2520 Italiam
1536 2450 1708 2526 fusa,

81 2567 220 2650 jam
249 2569 322 2632 in
348 2569 718 2653 provincias
740 2579 1038 2638 manant:
1088 2588 1479 2656 quamquam
1500 2563 1711 2630 nostra

84 2683 278 2747 nobis
309 2683 571 2747 notiora
596 2685 766 2749 sunt.
808 2683 948 2766 Ego
980 2687 1059 2749 de
1085 2677 1297 2762 Urbe,
1332 2683 1399 2748 &
1430 2682 1533 2747 his
1562 2701 1713 2764 pro-

83 2797 246 2879 priis
289 2816 368 2860 ac
404 2798 770 2862 vernaculis
807 2798 984 2866 vitiis
1014 2799 1275 2882 loquar,
1320 2819 1487 2882 quae
1518 2805 1707 2860 natos

85 2909 303 2974 statim
333 2911 707 2994 excipiunt,
753 2910 822 2978 &
853 2933 970 2999 per
993 2911 1277 2996 fingulos
1304 2911 1538 2974 aetatis
1566 2926 1711 2990 gra-

93 3027 217 3089 dus
240 3025 702 3110 cumulantur3
747 3023 794 3088 fi
815 3027 993 3110 prius
1021 3026 1101 3092 de
1124 3026 1461 3091 severitate
1484 3041 1561 3086 ac
1587 3019 1711 3084 dis-

90 3139 330 3222 ciplina
366 3136 690 3220 majorum
719 3141 890 3204 circa
915 3142 1284 3205 educandos
1314 3133 1711 3202 formandoss

90 3271 212 3335 que
241 3253 486 3316 liberos
518 3237 736 3339 pauca'
761 3255 1165 3336 praedixero.
1210 3255 1349 3329 Jam
1384 3250 1705 3334 primum,

87 3365 234 3432 suus
277 3367 524 3451 cuique
557 3365 736 3433 filius
767 3414 790 3447 ,
836 3389 917 3434 ex
963 3365 1131 3432 casta
1160 3373 1429 3452 parente
1472 3375 1661 3430 natus
1682 3409 1704 3442 ‚

1378 3481 1504 3562 14
