2117 3875
415 272 540 347 ηρ
689 184 1317 331 c.‘(30RNEL1‘1
1362 236 1743 305 TAc1T1

412 422 768 492 moderatio
786 467 804 498 ,
827 420 1006 485 nulla
1032 416 1424 501 superiorum
1442 414 1803 480 reverentIa
1818 457 1839 491 ,
1870 414 2103 477 nul-

413 542 517 605 lus
544 534 1024 619 magistratuum
1052 510 1279 595 modus
1296 577 1314 605 ,
1348 529 1503 592 tulit
1526 528 1657 592 fine
1682 527 1881 591 dubio
1932 547 2104 591 va-

409 652 752 718 lentiorem
779 646 1243 731 eloquentiam,
1274 641 1458 706 ficuti
1485 643 1838 705 indomitus
1868 660 2103 723 ager

412 768 606 831 habet
627 760 924 847 quasdam
949 759 1182 823 herbas
1206 758 1533 821 laetiores,
1582 752 1708 820 Sed
1735 776 1855 820 nec
1876 762 2103 819 tan-

411 880 463 943 ti
491 876 878 962 reipublicae
899 871 1337 937 Gracchorum
1360 870 1728 953 eloquentia
1747 854 1927 946 fuitj
1986 879 2103 931 ut

409 998 739 1077 pateretur
784 986 854 1052 ἀ
888 988 1062 1069 leges
1102 1006 1122 1049 t
1184 999 1304 1048 nec
1337 984 1547 1049 bonae
1575 984 1853 1047 formam
1890 982 2095 1046 elo-

333 1147 366 1187 ..
407 1103 711 1190 quentiae
735 1100 958 1166 Cicero
991 1100 1107 1163 tali
1132 1097 1313 1163 exitu
1340 1097 1651 1181 pensavit.

414 1290 528 1347 Pro
559 1287 862 1345 varietate
895 1303 1027 1359 ergo
1066 1299 1399 1357 temporum
1430 1282 1673 1340 variam
1697 1280 1871 1360 fuiffe
1908 1283 2071 1340 elo·

581 1399 882 1476 quentiam
903 1415 927 1465 ,·
958 1394 1213 1473 suasque
1243 1392 1337 1472 effe
1369 1392 1666 1471 quibusvis
1692 1409 1847 1451 tem-

734 1506 983 1589 poribus
1011 1502 1216 1566 laudes
1246 1502 1317 1571 ό·
1345 1506 1669 1565 utilitates.

495 1669 704 1739 XLI.
752 1668 858 1735 Sic
887 1687 1144 1754 quoque
1164 1713 1185 1745 ,
1232 1669 1405 1750 quod
1438 1666 1709 1749 superest
1738 1688 1818 1731 ex
1849 1669 2049 1731 anti-

406 1788 552 1873 quis
584 1785 980 1861 oratoribuS,
1021 1783 1237 1847 forum
1279 1800 1409 1843 non
1448 1780 1861 1858 emendatae,
1894 1802 2045 1847 nec

406 1901 678 1987 usquam
698 1899 779 1964 ad
802 1904 1030 1966 votum
1046 1892 1427 1980 compositae
1448 1941 1468 1971 ,
1514 1892 1791 1958 civitatis
1818 1914 2035 1979 argu-
2100 1878 2102 1894 4

400 2023 694 2080 mentum
717 2011 828 2076 est.
880 2011 1045 2086 Quis
1074 2011 1395 2074 enim.nos
1428 2010 1731 2085 advocat,
1761 2006 2033 2075 nifiaut

399 2144 638 2193 nocens
656 2171 677 2202 ‚
723 2133 839 2190 aut
859 2121 1100 2187 miser?
1161 2123 1333 2205 quod
1363 2121 1783 2206 municipium
1818 2123 1889 2185 in
1920 2124 2023 2188 ci-

398 2241 671 2309 vitatem.
696 2225 972 2302 nostram
998 2235 1211 2311 venit,
1254 2234 1374 2306 nisi
1403 2237 1579 2320 quod
1611 2243 1728 2300 aut
1752 2235 2013 2300 vicinus

349 2438 356 2444 ·
391 2354 679 2446 populus
709 2398 729 2428 ‚
808 2357 922 2415 aut
987 2345 1688 2416 domestica-discordia
1734 2349 1945 2431 agitat
1974 2351 2011 2416 ’ἐ

395 2487 596 2552 quam
635 2462 1071 2550 ,provinciam
1142 2471 1440 2540 tuemur,
1514 2459 1634 2549 nifi.
1672 2461 2005 2546 spoliatam

395 2587 824 2666 vexatamque
864 2577 900 2642 2
991 2576 1201 2659 Atqui
1276 2577 1507 2640 melius
1579 2574 1793 2642 fuifl'et
1833 2564 1997 2642 'non

395 2693 581 2778 queri
614 2739 636 2771 ,
702 2711 896 2776 quam
967 2691 1300 2756 vindicari.
1426 2689 1623 2769 Quod
1659 2687 1707 2755 fi
1747 2690 2001 2756 inveni-

391 2819 570 2874 retur
629 2808 849 2890 aliqua
892 2806 1161 2880 civitas,
1218 2805 1287 2867 in
1344 2821 1475 2886 qua
1528 2823 1721 2868 nemo
1766 2824 1997 2889 pecca·-

387 2931 522 2999 ret,
567 2922 993 3005 supervacuus
1038 2915 1192 2981 effet
1233 2918 1400 2980 inter
1438 2916 1815 3002 innocentes
1848 2936 1991 2982 ora-

386 3042 490 3100 tor
522 3082 540 3113 ,
602 3034 767 3100 ficut
820 3036 990 3098 inter
1039 3031 1223 3096 sanos
1290 3031 1606 3094 medicuS.
1699 3029 1991 3106 Quomo-

385 3153 468 3212 do
516 3157 735 3214 tamen
772 3147 1109 3234 minimum
1154 3142 1301 3208 usus
1339 3143 1812 3227 minImumque
1838 3163 1984 3229 pro-

379 3259 590 3324 feftus
647 3279 751 3323 ars
797 3259 1111 3324 medentis
1153 3257 1347 3322 habet
1386 3259 1453 3321 in
1499 3257 1602 3324 his
1647 3259 1976 3340 gentibuS,

381 3388 550 3455 quae
627 3370 1014 3443 firmiffima,
1051 3372 1419 3438 valetudine
1492 3391 1567 3436 ac
1647 3369 1976 3440 saluberri-
