2117 3875
363 2525 366 2534 ,
471 2459 612 2523 latu
629 2504 650 2538 ,
699 2457 815 2530 Cn,
852 2458 1195 2542 Pompeius
1229 2458 1595 2537 adstrinxit,
1640 2460 2055 2547 Imposuitque

465 244 629 316 -166
777 240 852 311 c.
898 236 1403 308 CORNELII
1460 236 1835 307 TAC1T1

495 419 644 507 pius
689 416 934 483 steterit
967 414 1399 499 tamquam'in
1441 414 1613 492 acie,
1652 432 1926 499 quoque
1955 417 2080 500 plu-

495 552 602 600 res
635 530 704 598 ὅτ
727 532 1020 597 intulerit
1042 528 1271 607 istum·
1295 528 1367 595 δε
1401 530 1757 613 exceperit,
1804 547 1941 613 quo
1966 550 2083 594 ma-

497 648 598 733 ior
640 640 1036 712 Adversarius
1054 690 1076 721 ,
1122 665 1201 709 eo
1243 643 1485 721 acrior,
1552 644 1664 726 qui
1706 662 1957 727 pugnas
1986 644 2081 709 fibi

433 839 444 853 ¹
495 761 746 844 asperas
777 757 1185 841 desumpserit
1210 777 1255 835 ,·
1276 746 1455 821 tanto
1490 757 1682 822 altior
1705 802 1726 833 ,
1776 755 1848 822 ὅτ
1876 760 2081 823 excel·

493 872 658 961 fior-5
705 872 775 939 &
807 873 937 940 illis
972 872 1347 937 nobilitatus
1380 870 1761 935 criminibus
1784 916 1805 949 ‚
1872 872 1943 935 in
1988 893 2081 936 ore

493 987 832 1054 hominum
875 986 1046 1068 agit,
1104 1004 1385 1069 quorum
1428 1003 1505 1050 ea
1553 992 1787 1049 natura
1829 982 1957 1062 est,
2014 997 2090 1051 ut.

489 1101 711 1170 secura
742 1089 966 1170 velint,

543 1217 646 1281 Cn,
682 1217 1025 1294 Pompeium
1055 1212 1417 1291 eloquentiae
1447 1211 1685 1292 nocuiffe
1703 1249 1724 1285 ,
1754 1233 1889 1273 cum
1923 1234 2041 1273 eam

709 1325 1076 1398 adstrinxit,
1116 1325 1421 1405 frenosque
1458 1327 1513 1385 ei
1545 1325 1861 1404 imposuit.
2088 1388 2090 1391 Α

575 1435 1048 1503 XXXVIII.
1107 1435 1389 1499 Transeo
1423 1437 1503 1501 ad
1526 1436 1805 1505 formam
1838 1435 1911 1502 &
1941 1436 2091 1501 con-'

485 1552 886 1625 suetudinem
927 1558 1217 1616 veterum
1260 1547 1648 1631 judiciorum
1679 1569 1698 1613 ε
1765 1569 1939 1632 quae
1978 1549 2069 1613 etfi

370 1682 380 1691 ·
487 1686 661 1736 nunc
693 1666 903 1757 aptior
929 1663 1020 1730 est
1050 1661 1308 1730 veritati
1333 1708 1354 1739 ,
1402 1663 1843 1747 eloquentiam
1872 1673 2069 1749 tamen

480 1780 646 1845 illud
685 1781 904 1859 forum
951 1778 1156 1865 magis
1192 1776 1527 1847 exercebat
1550 1822 1569 1851 ,
1612 1778 1682 1840 in
1716 1798 1851 1863 quo
1900 1798 2065 1842 nemo

480 1894 653 1965 intra
695 1890 1100 1977 paucifl’unas
1135 1892 1325 1955 horas
1359 1908 1661 1974 perorare
1701 1892 2064 1975 cogebatur,

479 2005 554 2078 ὅτ
581 2006 824 2072 liberae
849 2005 1553 2090 comperendinationes
1577 2017 1798 2084 erant,
1846 2005 1915 2072 δι
1945 2027 2065 2069 mo-

479 2120 636 2184 dum
667 2119 921 2183 dicendi
953 2117 1067 2183 fibi
1100 2118 1361 2202 quisque
1392 2119 1711 2197 sumebat,
1748 2117 1821 2185 &
1850 2139 2088 2194 nume-3

475 2250 591 2303 rus
612 2249 825 2315 neque
854 2231 1103 2304 dierum
1129 2249 1341 2314 neque
1364 2242 1785 2315 patronorum
1806 2233 2060 2298 finieba-

471 2351 608 2410 tur.
655 2344 912 2416 Primus
937 2345 1305 2436 hujusmodi
1334 2325 1531 2428 spatia
1551 2394 1571 2425 ,
1620 2347 1812 2413 tertio
1852 2347 2055 2411 consu-

469 2572 674 2638 veluti
697 2574 913 2646 frenos
939 2555 1383 2664 eloquentiae,
1415 2574 1511 2646 ita
1538 2583 1792 2653 tamen,
1823 2583 1901 2640 ut
1930 2595 2051 2638 om·
2086 2581 2088 2636 ζ

466 2684 578 2750 nia
599 2687 667 2751 in
685 2687 828 2752 foro
842 2733 862 2765 ,
892 2685 1111 2755 omnia
1125 2687 1371 2770 legibus
1386 2733 1407 2764 ,
1440 2689 1657 2758 omnia
1678 2691 1854 2773 apud
1879 2708 2048 2773 prae-

462 2805 638 2866 tores
671 2809 1085 2883 gererentur:
1131 2802 1303 2884 apud
1338 2819 1507 2884 quos
1540 2810 1781 2887 quanto
1820 2802 2045 2884 majora

461 2916 722 2996 negotia
753 2917 908 2980 olim
941 2915 1227 2980 exerceri
1252 2914 1431 2978 solita
1456 2913 1576 2985 smt
1593 2962 1613 2992 ‚
1658 2917 1834 3003 quod
1856 2914 2041 2998 majus

411 3048 420 3060 ⁸
460 3037 920 3109 argumentum
943 3028 1067 3105 est,
1094 3047 1286 3112 quam
1310 3031 1484 3111 quod
1506 3030 1733 3094 causae
1760 3037 2038 3094 centum-

455 3140 722 3218 vir-alea,
769 3161 937 3226 quae
971 3161 1143 3207 nunc
1172 3142 1451 3226 primum
1484 3140 1773 3208 obtinent
1798 3145 2032 3216 locum,

455 3252 615 3316 adeo
641 3255 966 3338 splendore
989 3255 1265 3320 aliorum
1285 3255 1675 3338 judiciorum
1689 3251 2055 3336 obrueba'n-,

451 3366 600 3442 tur,
635 3373 710 3430 ut
735 3389 944 3454 neque
966 3370 1289 3437 Ciceronis
1306 3416 1329 3452 ‚
1362 3391 1570 3456 neque
1586 3370 1903 3452 caesaris,
1931 3389 2029 3433 ne-
2084 3365 2086 3372 ’

1131 3695 1259 3734 ⁸-
