2117 3875
441 296 568 359 142
717 245 1359 337 c.‘coaNEL11
1402 264 1788 334 TACITI

344 452 360 474 ⁸
432 445 1000 521 senatusconsulta,
1033 442 1137 527 jus
1168 442 1448 507 civitatis
1480 442 1653 507 ultro
1686 445 2072 509 derideant:

345 577 362 590 ⁸
431 562 778 651 sapientiae
810 580 963 627 vero
992 557 1282 622 studium
1312 554 1384 621 δι’
1406 566 1750 642 praecepta
1776 560 2074 642 pruden-

377 694 398 751 ς
434 682 608 744 tium
661 675 925 762 penitus
975 671 1401 737 reformident
1434 717 1454 748 ,
1531 672 1601 734 in
1646 670 2071 755 pauciffimos

429 792 646 859 sensus
685 788 754 854 &
799 786 1102 869 angustas
1141 767 1487 849 sententias
1530 788 1887 850 detrudant
1931 788 2068 850 elo-

433 906 800 991 quentiam,
827 902 1009 968 velut
1034 898 1365 983 expulsam
1390 882 1591 983 regno
1613 900 1757 993 suo:
1792 909 1872 964 ut
1894 921 2069 983 quae

430 1022 592 1086 olim
645 1017 944 1081 omnium
997 1015 1237 1107 artium
1294 1014 1556 1079 domina
1614 1014 2069 1097 pulcherrimo

436 1111 750 1199 comitatu
784 1126 1049 1214 pettora
1080 1127 1425 1210 implebat,
1470 1147 1649 1192 nunc
1678 1130 2071 1192 circumcisa
2104 1190 2113 1221 1

438 1246 510 1316 ,δε
551 1252 885 1329 amputata
911 1289 931 1321 ‚
988 1238 1123 1306 fine
1168 1250 1483 1326 apparatu
1509 1289 1528 1320 ,
1592 1240 1723 1307 fine
1767 1242 2070 1320 honore,
2110 1246 2112 1325 j

432 1372 639 1448 paene
684 1357 960 1423 dixerim
1003 1354 1137 1420 fine
1191 1355 1631 1447 ingenuitate,
1696 1354 1878 1439 quasi
1938 1378 2067 1420 una
2110 1378 2112 1431 l

434 1498 517 1540 ex
549 1468 976 1538 sordidiflimis
1005 1468 1336 1547 artificiiS,
1374 1470 1672 1534 discatur.
1715 1470 1860 1553 Ego
1892 1472 2068 1535 hane
2110 1440 2112 1527 Ῐ

435 1590 712 1675 primam
746 1584 816 1651 &
847 1578 1265 1669 praecipuam
1296 1584 1551 1647 causam
1589 1585 1907 1663 arbitror,
1953 1604 2064 1647 cur
2110 1596 2112 1669 j

428 1710 686 1767 tantum
725 1700 804 1764 ab
841 1698 1221 1783 eloquentia
1258 1698 1680 1781 antIquorum
1714 1708 2064 1763 oratorum
2106 1704 2113 1789 ,⁸

435 1812 900 1883 recesserimus·
991 1810 1069 1876 Si·
1102 1810 1294 1877 testes
1338 1810 1775 1877 desiderantur
1804 1860 1824 1890 ,
1888 1834 2062 1897 quos
2108 1792 2113 1898 1

429 1930 718 2017 potiores
748 1927 1131 2004 nominabo,
1165 1944 1366 2010 quam
1402 1929 1576 2010 apud
1603 1926 1893 1993 Graecos
1927 1928 2065 1992 De-

435 2043 833 2110 mosthenem
859 2039 896 2105 ’ἓ
959 2060 1156 2124 quem
1208 2039 1725 2107 studiosissimum
1768 2043 2063 2108 Platonis

435 2157 799 2222 auditorem
825 2152 1012 2218 fuiffe
1039 2154 1393 2219 memoriae
1426 2158 1761 2239 proditum
1796 2155 1912 2221 est.
1979 2157 2064 2220 Et

437 2271 704 2347 Cicero,
749 2269 885 2346 his,
928 2276 1009 2332 ut
1038 2269 1306 2352 opinor,
1348 2271 1549 2334 refert
1578 2270 1829 2347 verbiS‚
1879 2271 2062 2350 quid·
2108 2307 2110 2310 <

435 2384 580 2466 quid
631 2385 696 2444 in
742 2385 1076 2462 eloquentia
1122 2383 1417 2462 effecerit,
1478 2381 1550 2444 id
1575 2361 1813 2473 s‘fiffi
1853 2383 2061 2443 rheto-
2108 2369 2110 2442 f

435 2517 570 2574 rum
592 2531 612 2570 ‚
644 2493 758 2574 sed
792 2493 1159 2586 Academiae
1181 2496 1415 2573 spatiis
1450 2499 1835 2575 consecutum.
1884 2491 2061 2559 Sunt

441 2609 609 2673 aliae
643 2605 869 2671 causae
900 2593 1172 2689 m‘agnae
1198 2605 1270 2672 δε
1294 2625 1523 2690 graves
1543 2654 1580 2696 ⁹,
1610 2629 1775 2693 quas
1801 2628 1841 2673 a
1868 2610 2056 2675 vobis

430 2719 1001 2807 aperiri'aequum
1041 2719 1183 2798 est,
1246 2723 1563 2804 quoniam
1615 2723 1887 2807 quidem
1933 2745 2055 2805 ego

427 2834 567 2920 jam
589 2855 808 2900 meum
841 2855 1083 2899 munus
1112 2835 1403 2918 explevi,
1450 2835 1550 2914 &‚
1583 2841 1760 2920 quod
1788 2839 1953 2902 mihi
1990 2839 2058 2900 in

433 2949 900 3014 consuetudine
930 2949 1057 3026 est,
1106 2949 1257 3012 satis
1288 2952 1534 3015 multos
1568 2949 1811 3017 offendi
1852 2972 1873 3015 t
1942 2952 2057 3035 qui

433 3061 484 3128 fi
524 3065 692 3148 forte
739 3043 864 3128 hoc
901 3065 1201 3128 audirent
1229 3111 1249 3141 ,
1312 3074 1564 3128 certum
1596 3065 1807 3132 habeo
1842 3064 2055 3130 diotu-

433 3197 542 3242 ros
562 3223 582 3254 ,
614 3199 754 3254 me,
780 3176 936 3240 dum
955 3176 1122 3260 juris
1141 3177 1211 3242 δε
1241 3177 1676 3263 philosophiae
1694 3157 2050 3257 scientiam,

427 3299 770 3372 tamquam
817 3291 1064 3354 oratori
1094 3289 1541 3372 necessariam,
1584 3293 1783 3360 laudo
1801 3341 1824 3376 ,
1869 3295 2050 3379 inep-

432 3403 546 3466 tiis
583 3404 745 3467 meis
771 3401 1089 3486 plaufifi'e.
